3419 5466
1544 762 1906 820 -100—

649 930 824 991 -runt
876 928 949 989 ut
983 922 1339 1012 Antigono
1380 930 1446 989 et
1485 922 1788 1003 Achaeis,
1825 920 2233 989 fortitudine
2279 922 2561 1010 antiqua
2597 944 2798 988 revo-

663 1039 835 1112 cata,
872 1045 1148 1097 strenue
1172 1029 1587 1097 resisterent.
1621 1030 1891 1112 Quibus
1922 1033 2167 1097 autem
2186 1031 2610 1121 temporibus
2641 1030 2799 1097 nul-

662 1141 815 1206 lum
874 1138 1297 1223 invenerunt
1351 1137 1602 1204 ducem
1662 1137 2014 1205 Cleomeni
2073 1138 2179 1204 vel
2240 1137 2491 1206 Nabidi
2533 1160 2794 1228 parem,

662 1246 1195 1322 Lacedaemonii,
1215 1245 1396 1312 hanc
1413 1250 1694 1335 propter
1714 1246 2042 1336 inopiam,
2064 1246 2531 1313 Romanorum
2550 1245 2800 1335 jugum

664 1359 1098 1446 acceperunt,
1144 1353 1564 1420 Achaeorum
1610 1352 2005 1420 auctoritati
2053 1352 2588 1445 praet'erendum.
2624 1354 2797 1421 Pro-

665 1465 841 1531 fecto
875 1460 1155 1551 quidem
1186 1460 1462 1551 tyranni
1507 1460 1611 1527 illi
1651 1461 2010 1528 universas
2055 1460 2376 1550 antiquas
2421 1460 2607 1550 leges
2658 1483 2799 1528 non

667 1574 1050 1650 servarunt,
1084 1590 1298 1635 novas
1328 1571 1560 1634 autem
1580 1591 1689 1635 res
1713 1570 2023 1635 fecerunt
2044 1591 2057 1650 ;
2077 1575 2147 1635 at
2170 1576 2455 1649 vero,ut
2485 1568 2804 1635 demons-

667 1678 1029 1759 travimuS‚
1070 1675 1155 1742 ad
1205 1681 1509 1743 veterem
1557 1677 1795 1767 patriae
1845 1676 2255 1766 dignitatem
2305 1675 2804 1744 restituendam

668 1792 923 1853 statum
978 1783 1280 1851 civitatis
1334 1784 1863 1865 conturbarunt,
1925 1807 2145 1875 quum
2203 1791 2517 1875 tempora
2574 1785 2805 1874 priora

669 1916 940 1983 semper
992 1892 1311 1959 invocare
1340 1891 1661 1960 solerent.
1700 1892 1920 1959 Nabis
1968 1891 2112 1983 ipse
2162 1897 2345 1959 retro
2397 1892 2808 1982 respiciebat

671 2007 737 2068 et
767 2002 1170 2092 Lycurgum
1199 1999 1672 2066 obtestabatur
1705 2000 1829 2089 (1).
1869 2001 2110 2091 Itaque
2159 1998 2520 2090 praesentis
2580 1999 2804 2066 aetatis

671 2114 855 2175 secta
885 2131 1038 2196 quae
1074 2106 1422 2174 socialista
1456 2112 1764 2184 vocatur,
1804 2107 2278 2197 exemplorum
2322 2106 2403 2173 ab
2448 2105 2803 2174 historicis

673 2215 1131 2307 petendorum
1173 2214 1517 2281 immerito
1559 2215 1810 2304 cupida
1840 2216 1961 2302 (2),
2010 2216 2384 2305 Spartanos
2410 2236 2640 2283 rerum
2683 2235 2806 2281 no-

651 2346 917 2391 -varum
944 2323 1301 2389 molitores
1332 2328 1409 2389 ut
1436 2323 1735 2412 majores
1769 2345 1930 2389 suos
1984 2322 2333 2413 appellare
2383 2345 2526 2389 non
2571 2322 2800 2403 debet,

675 2454 892 2522 quum
903 2431 1226 2520 Spartani
1242 2452 1384 2497 non
1403 2431 1701 2497 sormam
1716 2431 1990 2520 optimae
2006 2430 2405 2522 reipublicae
2425 2430 2809 2520 exprimere

676 2539 793 2607 sed
824 2539 1061 2630 patriae
1092 2537 1368 2607 laudem
1391 2538 1757 2606 restituere
1790 2538 2071 2607 vellent.

740 2702 784 2751 1.
811 2701 950 2759 L1v.‚
988 2699 1234 2762 XXXIV,
1263 2700 1341 2750 31.

737 2783 785 2831 2.
814 2783 890 2834 Cr.
912 2782 1255 2841 POEHLMAun,
1284 2796 1368 2844 op.
1393 2783 1504 2842 cit„
1529 2797 1579 2845 p.
1607 2782 1720 2833 253.
