3419 5466
1539 786 1859 847 -76—

633 956 804 1017 sent..
860 948 1126 1016 Etenim
1169 948 1428 1014 moenia
1475 947 1702 1015 diruta
1749 953 1815 1015 et
1854 949 2153 1039 Lycurgi
2201 948 2388 1040 leges
2429 949 2774 1043 ademptae

633 1080 871 1125 omnes
924 1056 1298 1147 Spartanos
1360 1054 1789 1123 offenderant
1843 1056 1964 1144 (1).
2023 1056 2363 1125 Praeterea
2422 1081 2770 1150 quamque

632 1164 1005 1232 factionem
1045 1162 1421 1253 poenitebat
1465 1164 1767 1230 fortunae
1814 1185 1980 1240 suae,
2026 1186 2244 1253 quum
2284 1165 2771 1256 Philopoemen

636 1270 954 1338 exsulum
1014 1268 1460 1336 reductorum
1516 1269 1988 1336 conditionem
2040 1278 2105 1336 et
2155 1277 2410 1338 sortem
2467 1279 2771 1340 statuere

632 1400 771 1445 non
806 1377 1202 1444 curavisset.
1231 1375 1524 1470 Illorum
1555 1400 1589 1440 ⁴<
1614 1381 1928 1442 veterum
1956 1377 2278 1444 exsulum
2302 1402 2335 1442 »
2365 1380 2500 1465 (τῶν
2524 1386 2768 1472 ἀρχαίων

633 1485 947 1573 φύγαδων),
1019 1489 1094 1549 ut
1172 1483 1261 1548 ait
1334 1482 1697 1572 Polybius,
1782 1482 1905 1548 alii
1983 1484 2367 1574 asperiores
2446 1485 2774 1553 volebant

633 1590 978 1658 bonorum
1011 1589 1330 1656 omnium
1367 1612 1405 1655 a
1438 1610 1508 1654 se
1539 1595 1695 1654 ante
1727 1587 2126 1657 habitorum
2159 1591 2229 1656 in
2259 1582 2772 1681 possessionem

633 1698 904 1778 venire3
952 1696 1070 1764 alii
1111 1696 1565 1763 modestiores
1608 1694 1936 1786 petebant
1974 1703 2051 1763 ut
2091 1697 2223 1762 sibi
2272 1697 2353 1764 de
2397 1700 2540 1766 suis
2573 1698 2775 1766 bonis

635 1804 720 1871 ad
749 1802 994 1871 talenti
1036 1803 1570 1869 aestimationem
1613 1802 2040 1871 redderetur.
2078 1803 2285 1872 Plebs
2326 1828 2488 1872 vero
2532 1806 2775 1896 deplo-

635 1912 831 1978 rabat
868 1909 1170 1977 reditum
1207 1908 1657 1999 optimatibus
1706 1931 2141 1987 concessum,
2188 1918 2253 1977 et
2299 1911 2607 2002 plerique
2658 1935 2778 1980 eos

638 2018 756 2109 qui
808 2040 846 2084 a
889 2016 1415 2106 Philopoemene
1460 2015 1644 2105 pulsi
1688 2022 1904 2094 erant,
1944 2016 2013 2082 id
2058 2024 2158 2084 est
2208 2042 2245 2082 «
2295 2040 2512 2085 novos
2563 2043 2778 2086 exsu-

638 2124 737 2192 les
775 2149 835 2205 »,
873 2125 943 2190 in
989 2124 1281 2211 patriam
1322 2122 1756 2190 reducendos
1796 2146 1942 2190 esse
1987 2124 2475 2192 existimabant
2509 2126 2628 2215 (2).
2674 2127 2781 2193 Ne

638 2231 884 2308 multa,
968 2252 1208 2297 omnes
1288 2230 1607 2318 Spartani
1687 2227 1773 2294 ad
1860 2252 2072 2296 novas
2157 2253 2266 2298 res
2348 2233 2770 2323 spectabant,

638 2360 877 2406 omnes
928 2336 1013 2403 ad
1060 2338 1414 2403 Romanos
1464 2342 1703 2403 contra
1753 2335 2352 2426 Philopoemenem
2403 2340 2778 2428 confugere

635 2444 985 2513 volebant.
1055 2443 1346 2510 Senatus
1410 2447 1643 2510 autem
1709 2441 1796 2508 ad
1859 2465 1975 2510 eos
2039 2443 2333 2534 benigne
2393 2446 2775 2513 audiendos

637 2558 918 2639 paratus
962 2556 1129 2617 erat.
1177 2550 1496 2617 Profecto
1540 2550 1728 2616 enim
1768 2550 2024 2617 multos
2066 2552 2548 2618 Romanorum
2585 2553 2698 2621 via
2738 2576 2778 2619 a

639 2658 715 2724 T.
753 2657 1078 2739 Quinctio
1121 2657 1291 2723 inita
1338 2657 1626 2747 fatigare
1669 2664 2006 2748 coeperat;
2062 2656 2147 2722 ad
2188 2658 2400 2725 aliam
2441 2682 2510 2725 se
2550 2666 2773 2726 trans-

638 2766 818 2833 ferre
846 2763 1274 2853 cogitabant:
1315 2770 1393 2830 ut
1431 2764 1723 2854 quisque
1757 2764 2024 2831 Graecia
2054 2765 2487 2834 humanitate
2519 2790 2777 2858 perpo-
2805 2770 2826 2789 ⁸

640 2871 766 2939 lita
807 2872 1229 2938 amicissime
1259 2871 1605 2953 utebatur,
1643 2876 1709 2937 et
1741 2893 1895 2938 eam
1928 2872 2280 2939 infirmam
2318 2896 2587 2963 quoque
2629 2895 2775 2941 esse

641 2979 1026 3046 clarissime
1065 2976 1643 3069 deprehendebat,
1685 2978 1782 3044 ita
1812 2977 2422 3047 vehementissime
2456 2981 2779 3071 cupiebat

641 3085 946 3177 praedam
991 3084 1186 3153 illam
1220 3091 1365 3151 tam
1404 3084 1756 3175 egregiam
1797 3089 1861 3151 et
1900 3090 2043 3152 tam
2083 3086 2386 3155 facilem.
2438 3088 2780 3155 Praeterea

645 3194 965 3284 Spartani
1033 3193 1557 3261 venerationem
1599 3192 1977 3260 afferebant
2021 3194 2382 3276 RomaniS,
2428 3196 2547 3285 qui
2592 3196 2781 3286 leges

640 3300 941 3391 Lycurgi
971 3301 1200 3367 statim
1234 3300 1544 3389 cognitas
1572 3299 1770 3368 valde
1800 3306 1964 3387 sunt
1987 3300 2336 3368 admirati.
2364 3304 2543 3392 Ergo
2568 3302 2780 3392 hujus

644 3408 1046 3498 reipublicae
1070 3408 1344 3473 fortuna
1364 3406 1714 3474 Romanos
1742 3407 2090 3489 movebat,
2122 3414 2264 3475 tam
2297 3432 2413 3476 eos
2442 3410 2559 3501 qui
2592 3410 2779 3478 Grae-

644 3537 886 3582 corum
938 3513 1250 3582 civitates
1303 3514 1624 3602 subigere
1676 3516 1823 3604 jam
1876 3513 2297 3604 cogitabant,
2355 3539 2565 3605 quam
2620 3517 2779 3585 illos

644 3627 762 3714 qui
795 3645 908 3690 eas
937 3645 1084 3689 esse
1115 3620 1366 3687 liberas
1400 3620 1778 3687 etiamtunc
1807 3620 2154 3688 volebant.

732 3729 1026 3820 Legatos
1058 3730 1128 3795 in
1150 3728 1423 3795 Italiam
1456 3727 1733 3794 mittere
1761 3734 2120 3818 coeperunt
2141 3729 2447 3819 primum
2462 3729 2779 3820 Spartani

644 3836 763 3927 qui
795 3836 995 3903 novis
1024 3834 1382 3902 exsulibus
1424 3833 1902 3924 indulgebant.
1926 3834 2134 3901 Anno
2160 3837 2284 3902 187
2310 3859 2372 3901 a.
2408 3835 2508 3915 C.,
2543 3835 2634 3904 M.
2659 3836 2786 3902 AE-

643 3942 884 4010 milius
916 3942 1221 4032 Lepidus
1258 3941 1502 4009 consul
1533 3940 1691 4009 illos
1740 3940 2097 4010 exaudivit
2123 3947 2189 4008 et
2220 3943 2489 4009 litteras
2528 3942 2781 4034 quibus

645 4049 938 4118 Achaeos
982 4048 1380 4139 increpabat
1424 4048 1522 4116 eis
1572 4047 1785 4118 dedit.
1850 4049 2098 4115 Statim
2144 4048 2653 4140 Philopoemen‚
2701 4054 2787 4117 ut

648 4157 944 4226 Senatus
976 4153 1409 4223 voluntatem
1441 4155 1897 4247 experiretur,
1934 4156 2230 4223 Romam
2260 4157 2456 4225 misit
2470 4156 2784 4225 Nicode-

703 4319 750 4368 1.
778 4318 911 4376 L1v.,
936 4315 1178 4375 XXXIX,
1208 4316 1271 4366 35
1299 4318 1350 4366 et
1373 4316 1453 4368 33.

702 4398 751 4449 2.
790 4397 1011 4459 Pomm„
1042 4395 1230 4458 XXIV,
1262 4411 1332 4456 ιν,
1363 4395 1472 4445 1-5.
