3419 5466
1595 751 1920 810 ...55-

690 909 1161 975 Romanorum
1222 907 1537 975 moribus
1570 907 1956 998 agrestibus
2000 914 2067 974 et
2097 907 2450 975 ferocibus
2493 908 2821 979 delectari

691 1038 834 1083 non
888 1024 1188 1105 possent,
1250 1014 1554 1082 similem
1604 1018 1715 1082 sui
1773 1037 2027 1106 magno
2077 1014 2330 1103 gaudio
2380 1024 2819 1108 agnoverunt

686 1125 763 1190 T.
800 1123 1205 1204 Quinctium
1237 1128 1303 1188 et
1338 1122 1623 1189 mirifice
1650 1121 2048 1190 dilexerunt
2084 1125 2206 1214 (1)

771 1229 988 1296 Nabis
1012 1251 1174 1296 vero
1205 1252 1347 1295 non
1403 1228 1460 1295 is
1520 1235 1665 1295 erat
1723 1230 1843 1319 qui
1905 1229 1979 1296 T.
2020 1229 2323 1312 Quinctii
2387 1232 2820 1300 orationibus

684 1337 1077 1404 duceretur.
1115 1335 1489 1403 Constituit
1519 1357 1681 1403 vero
1716 1358 1844 1404 nec
1876 1336 2038 1403 huic
2070 1360 2194 1404 nec
2231 1337 2332 1403 illi
2365 1338 2542 1427 parti
2575 1361 2826 1406 assen—

681 1444 818 1517 tiri,
851 1450 920 1511 at
955 1444 1257 1509 liberum
1284 1466 1357 1510 se
1387 1461 1654 1531 gerere,
1691 1448 1811 1509 aut
1869 1444 2103 1533 potius
2161 1445 2368 1511 fidem
2400 1451 2700 1525 mutare,
2736 1443 2819 1513 ab

684 1552 899 1617 altero
931 1549 1015 1615 ad
1049 1549 1344 1617 alterum
1395 1549 1685 1616 deficere
1748 1554 1814 1616 et
1849 1550 1982 1617 hoc
2010 1550 2214 1617 modo
2261 1553 2540 1618 lucrum
2597 1551 2820 1620 faeere

685 1664 972 1724 certum.
1007 1658 1175 1738 Quae
1203 1656 1378 1724 ratio
1432 1656 1785 1723 infinitam
1818 1657 2188 1723 utilitatem
2224 1658 2503 1747 regibus
2536 1659 2816 1748 quibus-

685 1765 842 1832 dam
867 1765 994 1833 aevi
1026 1766 1243 1833 nostri
1271 1762 1527 1845 attulit,
1551 1762 1670 1830 sed
1713 1786 1981 1854 semper
2004 1787 2166 1831 cum
2202 1788 2477 1845 summo
2507 1766 2813 1855 periculo

683 1878 784 1939 est
813 1876 1127 1949 tractata,
1163 1876 1330 1939 tunc
1362 1870 1624 1937 scilicet
1654 1871 1866 1937 exitio
1901 1870 2032 1937 fuit
2054 1871 2624 1939 Lacedaemoniis.

769 1978 1163 2068 Philippus,
1226 2001 1264 2044 a
1343 1978 1677 2044 Romanis
1766 1999 2148 2069 eorumque
2236 1979 2441 2046 sociis
2511 2001 2813 2068 pressuS,

679 2085 1035 2152 metuebat
1064 2109 1148 2152 ne
1202 2082 1633 2173 Argivorum
1684 2084 1944 2151 finibus
1999 2108 2036 2152 a
2093 2108 2164 2152 se
2209 2087 2563 2176 occupatis
2595 2087 2821 2154 Mace-

680 2194 892 2260 dones
926 2192 1371 2282 pellerentur.
1406 2192 1651 2281 Itaque
1709 2213 1824 2258 eas
1881 2191 2135 2259 Nabidi
2162 2194 2409 2259 offerre
2445 2193 2691 2271 voluit,
2726 2216 2806 2261 ea

676 2304 906 2366 mente
961 2304 1036 2365 ut
1086 2303 1422 2389 tyrannus
1492 2298 1879 2365 amicitiam
1941 2321 2100 2364 cum
2135 2322 2214 2365 eo
2276 2299 2692 2377 institueret,
2749 2306 2814 2367 et

676 2404 1006 2473 adversus
1037 2406 1431 2471 Romanum
1456 2405 1675 2493 Argos
1706 2411 2030 2471 servaret.
2065 2405 2232 2473 Post
2263 2406 2628 2473 victoriam
2662 2429 2814 2495 par-

677 2518 844 2589 tem,
873 2510 1129 2601 oppida
1151 2533 1191 2577 a
1213 2509 1485 2578 Nabide
1516 2517 1849 2602 occupata
1873 2512 2272 2602 recuperari
2300 2536 2499 2602 posse
2532 2513 2817 2581 arbitra-

679 2618 905 2685 batur.
966 2617 1152 2683 Anni
1218 2619 1414 2694 198s7
1446 2618 1701 2700 hieme,
1738 2617 2126 2685 Philoclem
2182 2619 2373 2685 misit
2425 2620 2545 2708 qui
2589 2621 2816 2710 Argos

675 2725 929 2795 Nabidi
987 2725 1484 2814 relinquendos
1577 2729 1642 2791 et
1706 2725 1883 2792 filias
1966 2710 2186 2814 regis'
2218 2727 2291 2793 in
2371 2727 2813 2795 matrimonio

674 2833 952 2923 tyranni
983 2832 1147 2898 filiis
1180 2830 1701 2921 conjungendas
1735 2834 2030 2900 offerret.
2053 2834 2154 2900 De
2188 2857 2260 2901 re
2283 2835 2463 2901 intra
2495 2858 2566 2901 se
2593 2835 2816 2903 medi-

670 2946 883 3022 tatuS,
922 2938 1137 3006 Nabis
1171 2961 1311 3004 non
1339 2961 1495 3006 eam
1537 2940 1829 3028 respuit,
1861 2944 1926 3006 et
1955 2937 2309 3030 profectus
2336 2947 2436 3007 est
2467 2941 2551 3006 ad
2583 2943 2812 3032 Argos

671 3052 737 3113 et
776 3044 1031 3137 oppida
1083 3045 1312 3112 vicina
1372 3044 1708 3134 praesidiis
1767 3045 2149 3112 munienda
2209 3047 2329 3135 (2).
2394 3047 2576 3114 Olim
2645 3070 2809 3117 vero

673 3153 1078 3221 Cleomenes
1112 3152 1334 3240 Argos
1362 3152 1660 3218 iniverat
1687 3156 1754 3218 et
1776 3152 1957 3219 hanc
1981 3152 2382 3240 praeclaram
2425 3154 2803 3234 civitatem,

669 3281 1032 3349 nunquam
1063 3257 1289 3324 adhuc
1322 3258 1680 3345 Spartanae
1728 3257 2011 3325 ditionis
2065 3255 2351 3326 firmiter
2403 3259 2683 3338 factam,
2736 3264 2807 3329 in

670 3387 868 3433 suam
902 3369 1314 3456 potestatem
1344 3363 1548 3431 facile
1575 3364 1966 3454 redegerat.
1998 3367 2091 3431 At
2110 3388 2299 3448 vero,
2336 3371 2506 3434 teste
2539 3368 2810 3436 Plutar-

668 3472 825 3554 cho,
859 3494 1001 3539 non
1032 3469 1167 3538 alia
1196 3492 1400 3537 causa
1427 3471 1561 3536 fuit
1604 3472 1921 3560 prosperi
1953 3494 2317 3540 successus
2348 3474 2559 3554 illius,
2599 3498 2805 3565 quam

665 3579 851 3668 quod
883 3577 1244 3646 Cleomeni
1296 3576 1620 3645 favebant
1672 3578 1793 3666 qui
1837 3600 2051 3645 novas
2102 3603 2209 3645 res
2240 3581 2711 3648 moliebantur
2740 3590 2805 3650 et

667 3707 827 3753 eum
856 3684 1127 3752 tabulas
1154 3706 1366 3751 novas
1430 3683 1781 3752 facturum
1814 3686 2201 3775 sperabant.
2241 3689 2386 3753 Rex
2423 3710 2607 3768 verO,
2651 3689 2797 3778 qui,

666 3798 744 3858 ut
773 3792 940 3869 dixi,
963 3814 1177 3859 novas
1208 3813 1316 3858 res
1351 3795 1540 3858 extra
1569 3790 1949 3859 Laconiam
1976 3794 2282 3882 proferre
2314 3816 2456 3859 non
2490 3795 2799 3879 curabat,

666 3904 732 3965 et
757 3899 1051 3965 Aratum
1078 3897 1568 3965 tantummodo
1600 3896 1813 3964 armis
1839 3897 2057 3989 affligi
2078 3922 2278 3989 posse
2309 3899 2802 3988 arbitrabatur,

665 4026 819 4095 spes
848 4005 1272 4094 Argivorum
1303 4004 1572 4072 fefellit.
1614 4004 1811 4072 Tunc
1868 4003 2067 4095 plebe
2094 4005 2177 4072 ab
2207 4007 2585 4076 Aristotele
2623 4032 2807 4099 quo-

664 4111 825 4179 dam
878 4110 1210 4179 adversus
1257 4111 1705 4179 Cleomenem
1757 4133 2067 4194 accensa,
2109 4112 2800 4184 Lacedaemoniorum

724 4273 771 4322 1.
805 4270 885 4321 Cf.
918 4271 1107 4331 Pnur„
1139 4269 1442 4333 Flamin.,1‚
1476 4271 1542 4331 II,
1567 4270 1738 4322 XVII.

723 4351 774 4403 2.
806 4353 948 4413 L1v.‚
978 4349 1196 4411 XXXII,
1223 4350 1321 4410 38;
1357 4350 1586 4411 XXXIV,
1620 4350 1702 4401 35.
