<?xml version="1.0" encoding="UTF-8"?>
<!DOCTYPE html PUBLIC "-//W3C//DTD XHTML 1.0 Transitional//EN"
    "http://www.w3.org/TR/xhtml1/DTD/xhtml1-transitional.dtd">
<html xmlns="http://www.w3.org/1999/xhtml" xml:lang="en" lang="en">
 <head>
  <title>
</title>
<meta http-equiv="Content-Type" content="text/html;charset=utf-8" />
  <meta name='ocr-system' content='tesseract 3.04.00' />
  <meta name='ocr-capabilities' content='ocr_page ocr_carea ocr_par ocr_line ocrx_word'/>
</head>
<body>
  <div class='ocr_page' id='page_1' title='image "./delacedaemonior00petigoog_0031.png"; bbox 0 0 3419 5466; ppageno 0'>
   <div class='ocr_carea' id='block_1_1' title="bbox 1562 743 1883 799">
    <p class='ocr_par' dir='ltr' id='par_1_1' title="bbox 1562 743 1883 799">
     <span class='ocr_line' id='line_1_1' title="bbox 1562 743 1883 799; baseline 0.016 -17"><span class='ocrx_word' id='word_1_1' title='bbox 1562 743 1883 799; x_wconf 75' lang='lat'><strong>—17—</strong></span> 
     </span>
    </p>
   </div>
   <div class='ocr_carea' id='block_1_2' title="bbox 629 910 2808 3773">
    <p class='ocr_par' dir='ltr' id='par_1_2' title="bbox 629 910 2808 3125">
     <span class='ocr_line' id='line_1_2' title="bbox 640 910 2788 993; baseline 0.004 -26"><span class='ocrx_word' id='word_1_2' title='bbox 640 923 786 990; x_wconf 79' lang='lat' dir='ltr'>lpse</span> <span class='ocrx_word' id='word_1_3' title='bbox 816 915 939 993; x_wconf 79' lang='grc' dir='ltr'>περὶ</span> <span class='ocrx_word' id='word_1_4' title='bbox 979 912 1338 991; x_wconf 77' lang='grc' dir='ltr'>Λυκούργους</span> <span class='ocrx_word' id='word_1_5' title='bbox 1378 912 1473 967; x_wconf 82' lang='grc' dir='ltr'>καὶ</span> <span class='ocrx_word' id='word_1_6' title='bbox 1506 910 1841 992; x_wconf 77' lang='grc' dir='ltr'>Σωκράτους</span> <span class='ocrx_word' id='word_1_7' title='bbox 1875 917 1930 970; x_wconf 79' lang='lat' dir='ltr'>et</span> <span class='ocrx_word' id='word_1_8' title='bbox 1973 916 2095 993; x_wconf 80' lang='grc' dir='ltr'>περὶ</span> <span class='ocrx_word' id='word_1_9' title='bbox 2123 914 2462 986; x_wconf 80' lang='grc' dir='ltr'>Λακωνικῆς</span> <span class='ocrx_word' id='word_1_10' title='bbox 2499 918 2788 986; x_wconf 79' lang='grc' dir='ltr'>πολιτείας</span> 
     </span>
     <span class='ocr_line' id='line_1_3' title="bbox 646 1006 2785 1096; baseline 0.005 -23"><span class='ocrx_word' id='word_1_11' title='bbox 646 1007 864 1073; x_wconf 89' lang='lat' dir='ltr'>libros</span> <span class='ocrx_word' id='word_1_12' title='bbox 897 1006 1290 1095; x_wconf 78' lang='lat' dir='ltr'>composuit</span> <span class='ocrx_word' id='word_1_13' title='bbox 1317 1006 1436 1094; x_wconf 89' lang='lat' dir='ltr'>(l).</span> <span class='ocrx_word' id='word_1_14' title='bbox 1488 1007 1669 1096; x_wconf 90' lang='lat' dir='ltr'>Ergo</span> <span class='ocrx_word' id='word_1_15' title='bbox 1718 1030 1867 1073; x_wconf 95' lang='lat' dir='ltr'>non</span> <span class='ocrx_word' id='word_1_16' title='bbox 1913 1016 2012 1074; x_wconf 88' lang='lat' dir='ltr'>est</span> <span class='ocrx_word' id='word_1_17' title='bbox 2067 1008 2468 1077; x_wconf 88' lang='lat' dir='ltr'>mirandum</span> <span class='ocrx_word' id='word_1_18' title='bbox 2500 1015 2585 1095; x_wconf 84' lang='lat' dir='ltr'>si,</span> <span class='ocrx_word' id='word_1_19' title='bbox 2615 1022 2785 1083; x_wconf 87' lang='lat' dir='ltr'>teste</span> 
     </span>
     <span class='ocr_line' id='line_1_4' title="bbox 644 1111 2783 1202; baseline 0.005 -22"><span class='ocrx_word' id='word_1_20' title='bbox 644 1114 1046 1195; x_wconf 86' lang='lat' dir='ltr'>Plutarch0‚</span> <span class='ocrx_word' id='word_1_21' title='bbox 1084 1112 1411 1202; x_wconf 68' lang='lat' dir='ltr'>Sphaerus</span> <span class='ocrx_word' id='word_1_22' title='bbox 1463 1111 1820 1180; x_wconf 80' lang='lat' dir='ltr'>Cleomeni</span> <span class='ocrx_word' id='word_1_23' title='bbox 1851 1113 1937 1180; x_wconf 90' lang='lat' dir='ltr'>ad</span> <span class='ocrx_word' id='word_1_24' title='bbox 1997 1138 2210 1181; x_wconf 87' lang='lat' dir='ltr'>novas</span> <span class='ocrx_word' id='word_1_25' title='bbox 2243 1139 2349 1183; x_wconf 90' lang='lat' dir='ltr'>res</span> <span class='ocrx_word' id='word_1_26' title='bbox 2399 1120 2783 1190; x_wconf 87' lang='lat' dir='ltr'>moliendas</span> 
     </span>
     <span class='ocr_line' id='line_1_5' title="bbox 642 1220 2782 1310; baseline 0.004 -24"><span class='ocrx_word' id='word_1_27' title='bbox 642 1228 707 1286; x_wconf 84' lang='lat' dir='ltr'>et</span> <span class='ocrx_word' id='word_1_28' title='bbox 766 1221 1125 1308; x_wconf 89' lang='lat' dir='ltr'>antiquam</span> <span class='ocrx_word' id='word_1_29' title='bbox 1186 1220 1686 1308; x_wconf 81' lang='lat' dir='ltr'>Spartanorum</span> <span class='ocrx_word' id='word_1_30' title='bbox 1789 1220 2228 1310; x_wconf 79' lang='lat' dir='ltr'>disciplinam</span> <span class='ocrx_word' id='word_1_31' title='bbox 2285 1226 2782 1294; x_wconf 79' lang='lat' dir='ltr'>restituendam</span> 
     </span>
     <span class='ocr_line' id='line_1_6' title="bbox 642 1325 2784 1417; baseline 0.004 -25"><span class='ocrx_word' id='word_1_32' title='bbox 642 1326 918 1416; x_wconf 85' lang='lat' dir='ltr'>adjutor</span> <span class='ocrx_word' id='word_1_33' title='bbox 963 1326 1236 1415; x_wconf 80' lang='lat' dir='ltr'>fuit(2).</span> <span class='ocrx_word' id='word_1_34' title='bbox 1276 1326 1509 1407; x_wconf 87' lang='lat' dir='ltr'>Quum</span> <span class='ocrx_word' id='word_1_35' title='bbox 1542 1325 1863 1414; x_wconf 84' lang='lat' dir='ltr'>Spartani</span> <span class='ocrx_word' id='word_1_36' title='bbox 1891 1329 2184 1417; x_wconf 90' lang='lat' dir='ltr'>pristini,</span> <span class='ocrx_word' id='word_1_37' title='bbox 2227 1329 2344 1396; x_wconf 88' lang='lat' dir='ltr'>illa</span> <span class='ocrx_word' id='word_1_38' title='bbox 2374 1332 2784 1402; x_wconf 85' lang='lat' dir='ltr'>fortitudine</span> 
     </span>
     <span class='ocr_line' id='line_1_7' title="bbox 648 1431 2786 1526; baseline 0.004 -26"><span class='ocrx_word' id='word_1_39' title='bbox 648 1438 712 1500; x_wconf 86' lang='lat' dir='ltr'>et</span> <span class='ocrx_word' id='word_1_40' title='bbox 775 1433 1165 1499; x_wconf 87' lang='lat' dir='ltr'>constantia</span> <span class='ocrx_word' id='word_1_41' title='bbox 1218 1431 1445 1498; x_wconf 89' lang='lat' dir='ltr'>ornati</span> <span class='ocrx_word' id='word_1_42' title='bbox 1513 1454 1666 1521; x_wconf 79' lang='lat' dir='ltr'>quae</span> <span class='ocrx_word' id='word_1_43' title='bbox 1728 1455 1889 1499; x_wconf 90' lang='lat' dir='ltr'>cum</span> <span class='ocrx_word' id='word_1_44' title='bbox 1953 1435 2294 1503; x_wconf 80' lang='lat' dir='ltr'>Zenonica</span> <span class='ocrx_word' id='word_1_45' title='bbox 2353 1437 2786 1526; x_wconf 77' lang='lat' dir='ltr'>impatientia</span> 
     </span>
     <span class='ocr_line' id='line_1_8' title="bbox 646 1538 2788 1634; baseline 0.004 -27"><span class='ocrx_word' id='word_1_46' title='bbox 646 1540 943 1607; x_wconf 87' lang='lat' dir='ltr'>conferri</span> <span class='ocrx_word' id='word_1_47' title='bbox 978 1544 1228 1630; x_wconf 86' lang='lat' dir='ltr'>posset,</span> <span class='ocrx_word' id='word_1_48' title='bbox 1265 1538 1670 1629; x_wconf 83' lang='lat' dir='ltr'>reipublicae</span> <span class='ocrx_word' id='word_1_49' title='bbox 1703 1543 2088 1608; x_wconf 88' lang='lat' dir='ltr'>commodis</span> <span class='ocrx_word' id='word_1_50' title='bbox 2121 1565 2191 1607; x_wconf 90' lang='lat' dir='ltr'>se</span> <span class='ocrx_word' id='word_1_51' title='bbox 2223 1544 2696 1634; x_wconf 84' lang='lat' dir='ltr'>impenderent</span> <span class='ocrx_word' id='word_1_52' title='bbox 2722 1555 2788 1615; x_wconf 92' lang='lat' dir='ltr'>et</span> 
     </span>
     <span class='ocr_line' id='line_1_9' title="bbox 646 1646 2787 1737; baseline 0.005 -25"><span class='ocrx_word' id='word_1_53' title='bbox 646 1646 961 1713; x_wconf 87' lang='lat' dir='ltr'>membra</span> <span class='ocrx_word' id='word_1_54' title='bbox 991 1647 1297 1737; x_wconf 81' lang='lat' dir='ltr'>corporis</span> <span class='ocrx_word' id='word_1_55' title='bbox 1328 1647 1565 1734; x_wconf 83' lang='lat' dir='ltr'>magni</span> <span class='ocrx_word' id='word_1_56' title='bbox 1597 1668 1743 1712; x_wconf 87' lang='lat' dir='ltr'>sese</span> <span class='ocrx_word' id='word_1_57' title='bbox 1776 1652 2125 1736; x_wconf 83' lang='lat' dir='ltr'>putarent,</span> <span class='ocrx_word' id='word_1_58' title='bbox 2153 1649 2337 1716; x_wconf 86' lang='lat' dir='ltr'>haud</span> <span class='ocrx_word' id='word_1_59' title='bbox 2366 1650 2661 1719; x_wconf 90' lang='lat' dir='ltr'>dubium</span> <span class='ocrx_word' id='word_1_60' title='bbox 2685 1661 2787 1722; x_wconf 91' lang='lat' dir='ltr'>est</span> 
     </span>
     <span class='ocr_line' id='line_1_10' title="bbox 646 1751 2785 1851; baseline 0.005 -32"><span class='ocrx_word' id='word_1_61' title='bbox 646 1755 817 1843; x_wconf 88' lang='lat' dir='ltr'>quin</span> <span class='ocrx_word' id='word_1_62' title='bbox 858 1753 1109 1820; x_wconf 84' lang='lat' dir='ltr'>Stoicis</span> <span class='ocrx_word' id='word_1_63' title='bbox 1146 1752 1466 1820; x_wconf 62' lang='lat' dir='ltr'>maximae</span> <span class='ocrx_word' id='word_1_64' title='bbox 1514 1751 1959 1820; x_wconf 83' lang='lat' dir='ltr'>admirationi</span> <span class='ocrx_word' id='word_1_65' title='bbox 2010 1766 2258 1837; x_wconf 78' lang='lat' dir='ltr'>essent,</span> <span class='ocrx_word' id='word_1_66' title='bbox 2317 1757 2785 1851; x_wconf 77' lang='lat' dir='ltr'>Sphaerusque</span> 
     </span>
     <span class='ocr_line' id='line_1_11' title="bbox 644 1859 2788 1939; baseline 0.004 -14"><span class='ocrx_word' id='word_1_67' title='bbox 644 1859 931 1926; x_wconf 91' lang='lat' dir='ltr'>illorum</span> <span class='ocrx_word' id='word_1_68' title='bbox 978 1861 1306 1926; x_wconf 90' lang='lat' dir='ltr'>virtutem</span> <span class='ocrx_word' id='word_1_69' title='bbox 1359 1860 1430 1925; x_wconf 94' lang='lat' dir='ltr'>in</span> <span class='ocrx_word' id='word_1_70' title='bbox 1488 1860 1684 1926; x_wconf 83' lang='lat' dir='ltr'>libris</span> <span class='ocrx_word' id='word_1_71' title='bbox 1733 1861 1873 1927; x_wconf 89' lang='lat' dir='ltr'>suis</span> <span class='ocrx_word' id='word_1_72' title='bbox 1926 1861 2354 1928; x_wconf 85' lang='lat' dir='ltr'>collaudaret</span> <span class='ocrx_word' id='word_1_73' title='bbox 2394 1890 2406 1939; x_wconf 92' lang='lat'>;</span> <span class='ocrx_word' id='word_1_74' title='bbox 2444 1865 2580 1931; x_wconf 88' lang='lat' dir='ltr'>nisi</span> <span class='ocrx_word' id='word_1_75' title='bbox 2612 1868 2788 1934; x_wconf 85' lang='lat' dir='ltr'>forte</span> 
     </span>
     <span class='ocr_line' id='line_1_12' title="bbox 643 1965 2786 2058; baseline 0.003 -24"><span class='ocrx_word' id='word_1_76' title='bbox 643 1990 796 2034; x_wconf 90' lang='lat' dir='ltr'>eam</span> <span class='ocrx_word' id='word_1_77' title='bbox 824 1966 1055 2033; x_wconf 90' lang='lat' dir='ltr'>verbis</span> <span class='ocrx_word' id='word_1_78' title='bbox 1088 1965 1483 2033; x_wconf 89' lang='lat' dir='ltr'>immodicis</span> <span class='ocrx_word' id='word_1_79' title='bbox 1526 1967 1800 2033; x_wconf 83' lang='lat' dir='ltr'>auxerit</span> <span class='ocrx_word' id='word_1_80' title='bbox 1836 1974 1900 2034; x_wconf 92' lang='lat' dir='ltr'>et</span> <span class='ocrx_word' id='word_1_81' title='bbox 1932 1969 2190 2058; x_wconf 90' lang='lat' dir='ltr'>aliquid</span> <span class='ocrx_word' id='word_1_82' title='bbox 2221 1969 2306 2035; x_wconf 92' lang='lat' dir='ltr'>ad</span> <span class='ocrx_word' id='word_1_83' title='bbox 2332 1971 2786 2039; x_wconf 81' lang='lat' dir='ltr'>Plutarchum</span> 
     </span>
     <span class='ocr_line' id='line_1_13' title="bbox 645 2073 2785 2167; baseline 0.003 -27"><span class='ocrx_word' id='word_1_84' title='bbox 645 2073 727 2142; x_wconf 92' lang='lat' dir='ltr'>de</span> <span class='ocrx_word' id='word_1_85' title='bbox 764 2075 1047 2163; x_wconf 88' lang='lat' dir='ltr'>antiqua</span> <span class='ocrx_word' id='word_1_86' title='bbox 1084 2073 1586 2162; x_wconf 87' lang='lat' dir='ltr'>Spartanorum</span> <span class='ocrx_word' id='word_1_87' title='bbox 1618 2074 1898 2141; x_wconf 86' lang='lat' dir='ltr'>civitate</span> <span class='ocrx_word' id='word_1_88' title='bbox 1930 2075 2001 2141; x_wconf 91' lang='lat' dir='ltr'>in</span> <span class='ocrx_word' id='word_1_89' title='bbox 2033 2098 2338 2143; x_wconf 85' lang='lat' dir='ltr'>errorem</span> <span class='ocrx_word' id='word_1_90' title='bbox 2370 2078 2785 2167; x_wconf 89' lang='lat' dir='ltr'>rapiendum</span> 
     </span>
     <span class='ocr_line' id='line_1_14' title="bbox 642 2180 2788 2276; baseline 0.002 -29"><span class='ocrx_word' id='word_1_91' title='bbox 642 2180 1039 2249; x_wconf 88' lang='lat' dir='ltr'>contulerit.</span> <span class='ocrx_word' id='word_1_92' title='bbox 1089 2180 1411 2247; x_wconf 84' lang='lat' dir='ltr'>Profecto</span> <span class='ocrx_word' id='word_1_93' title='bbox 1473 2180 1546 2246; x_wconf 93' lang='lat' dir='ltr'>in</span> <span class='ocrx_word' id='word_1_94' title='bbox 1604 2180 1900 2270; x_wconf 88' lang='lat' dir='ltr'>Lycurgi</span> <span class='ocrx_word' id='word_1_95' title='bbox 1972 2184 2433 2250; x_wconf 88' lang='lat' dir='ltr'>imitationem</span> <span class='ocrx_word' id='word_1_96' title='bbox 2505 2185 2788 2276; x_wconf 85' lang='lat' dir='ltr'>impulit</span> 
     </span>
     <span class='ocr_line' id='line_1_15' title="bbox 642 2287 2785 2380; baseline 0.001 -22"><span class='ocrx_word' id='word_1_97' title='bbox 642 2290 1110 2365; x_wconf 87' lang='lat' dir='ltr'>Cleomenem,</span> <span class='ocrx_word' id='word_1_98' title='bbox 1168 2309 1387 2377; x_wconf 90' lang='lat' dir='ltr'>quum</span> <span class='ocrx_word' id='word_1_99' title='bbox 1431 2287 1936 2379; x_wconf 90' lang='lat' dir='ltr'>rempublicam</span> <span class='ocrx_word' id='word_1_100' title='bbox 1995 2289 2078 2355; x_wconf 89' lang='lat' dir='ltr'>ab</span> <span class='ocrx_word' id='word_1_101' title='bbox 2134 2311 2275 2355; x_wconf 90' lang='lat' dir='ltr'>uno</span> <span class='ocrx_word' id='word_1_102' title='bbox 2328 2291 2785 2380; x_wconf 87' lang='lat' dir='ltr'>legumlatore</span> 
     </span>
     <span class='ocr_line' id='line_1_16' title="bbox 639 2394 2784 2489; baseline 0.001 -25"><span class='ocrx_word' id='word_1_103' title='bbox 639 2396 946 2486; x_wconf 88' lang='lat' dir='ltr'>sapiente</span> <span class='ocrx_word' id='word_1_104' title='bbox 972 2402 1038 2460; x_wconf 79' lang='lat' dir='ltr'>‘et</span> <span class='ocrx_word' id='word_1_105' title='bbox 1071 2394 1544 2483; x_wconf 89' lang='lat' dir='ltr'>omnipotente</span> <span class='ocrx_word' id='word_1_106' title='bbox 1565 2399 2021 2484; x_wconf 87' lang='lat' dir='ltr'>temperatam</span> <span class='ocrx_word' id='word_1_107' title='bbox 2041 2396 2351 2485; x_wconf 87' lang='lat' dir='ltr'>plerique</span> <span class='ocrx_word' id='word_1_108' title='bbox 2376 2398 2784 2489; x_wconf 87' lang='lat' dir='ltr'>philosophi</span> 
     </span>
     <span class='ocr_line' id='line_1_17' title="bbox 639 2501 2782 2595; baseline 0.002 -25"><span class='ocrx_word' id='word_1_109' title='bbox 639 2503 861 2571; x_wconf 81' lang='lat' dir='ltr'>Graeci</span> <span class='ocrx_word' id='word_1_110' title='bbox 892 2502 1443 2591; x_wconf 87' lang='lat' dir='ltr'>comprobarent.</span> <span class='ocrx_word' id='word_1_111' title='bbox 1477 2501 2367 2595; x_wconf 23' lang='lat' dir='ltr'>Quapropter-Cleomene&amp;</span> <span class='ocrx_word' id='word_1_112' title='bbox 2404 2506 2690 2573; x_wconf 83' lang='lat' dir='ltr'>credens</span> <span class='ocrx_word' id='word_1_113' title='bbox 2713 2530 2782 2574; x_wconf 89' lang='lat' dir='ltr'>se</span> 
     </span>
     <span class='ocr_line' id='line_1_18' title="bbox 629 2606 2784 2700; baseline 0.002 -24"><span class='ocrx_word' id='word_1_114' title='bbox 629 2610 940 2700; x_wconf 83' lang='lat' dir='ltr'>Lycurgi</span> <span class='ocrx_word' id='word_1_115' title='bbox 974 2607 1280 2697; x_wconf 88' lang='lat' dir='ltr'>vestigiis</span> <span class='ocrx_word' id='word_1_116' title='bbox 1311 2607 1606 2697; x_wconf 82' lang='lat' dir='ltr'>ingredi,</span> <span class='ocrx_word' id='word_1_117' title='bbox 1642 2609 1785 2673; x_wconf 89' lang='lat' dir='ltr'>vim</span> <span class='ocrx_word' id='word_1_118' title='bbox 1824 2606 2167 2684; x_wconf 87' lang='lat' dir='ltr'>adhibuit,</span> <span class='ocrx_word' id='word_1_119' title='bbox 2203 2616 2511 2679; x_wconf 86' lang='lat' dir='ltr'>extrema</span> <span class='ocrx_word' id='word_1_120' title='bbox 2572 2636 2784 2680; x_wconf 88' lang='lat' dir='ltr'>ausus</span> 
     </span>
     <span class='ocr_line' id='line_1_19' title="bbox 643 2715 2784 2810; baseline 0.001 -26"><span class='ocrx_word' id='word_1_121' title='bbox 643 2723 743 2784; x_wconf 89' lang='lat' dir='ltr'>est</span> <span class='ocrx_word' id='word_1_122' title='bbox 783 2715 1358 2807; x_wconf 81' lang='lat' dir='ltr'>tyrannidemque</span> <span class='ocrx_word' id='word_1_123' title='bbox 1419 2715 1779 2805; x_wconf 87' lang='lat' dir='ltr'>occupavit</span> <span class='ocrx_word' id='word_1_124' title='bbox 1839 2715 1959 2804; x_wconf 85' lang='lat'>(3).</span> <span class='ocrx_word' id='word_1_125' title='bbox 2025 2716 2180 2783; x_wconf 83' lang='lat' dir='ltr'>Non</span> <span class='ocrx_word' id='word_1_126' title='bbox 2243 2719 2474 2785; x_wconf 89' lang='lat' dir='ltr'>solum</span> <span class='ocrx_word' id='word_1_127' title='bbox 2515 2718 2784 2810; x_wconf 82' lang='lat' dir='ltr'>Sphaeri</span> 
     </span>
     <span class='ocr_line' id='line_1_20' title="bbox 639 2821 2784 2918; baseline 0.002 -28"><span class='ocrx_word' id='word_1_128' title='bbox 639 2825 1022 2915; x_wconf 76' lang='lat' dir='ltr'>praeceptiS‚</span> <span class='ocrx_word' id='word_1_129' title='bbox 1060 2823 1175 2889; x_wconf 89' lang='lat' dir='ltr'>sed</span> <span class='ocrx_word' id='word_1_130' title='bbox 1216 2821 1457 2912; x_wconf 86' lang='lat' dir='ltr'>Agidis</span> <span class='ocrx_word' id='word_1_131' title='bbox 1521 2823 1841 2912; x_wconf 84' lang='lat' dir='ltr'>exemplo</span> <span class='ocrx_word' id='word_1_132' title='bbox 1912 2823 2162 2890; x_wconf 90' lang='lat' dir='ltr'>ductus</span> <span class='ocrx_word' id='word_1_133' title='bbox 2197 2825 2315 2913; x_wconf 76' lang='lat'>(4),</span> <span class='ocrx_word' id='word_1_134' title='bbox 2348 2826 2479 2893; x_wconf 92' lang='lat' dir='ltr'>hoc</span> <span class='ocrx_word' id='word_1_135' title='bbox 2513 2850 2784 2918; x_wconf 90' lang='lat' dir='ltr'>quoque</span> 
     </span>
     <span class='ocr_line' id='line_1_21' title="bbox 640 2929 2788 3025; baseline 0.001 -27"><span class='ocrx_word' id='word_1_136' title='bbox 640 2931 1009 2998; x_wconf 87' lang='lat' dir='ltr'>consilium</span> <span class='ocrx_word' id='word_1_137' title='bbox 1042 2929 1216 3019; x_wconf 88' lang='lat' dir='ltr'>cepit</span> <span class='ocrx_word' id='word_1_138' title='bbox 1246 2939 1321 2996; x_wconf 85' lang='lat' dir='ltr'>ut</span> <span class='ocrx_word' id='word_1_139' title='bbox 1376 2929 1448 2995; x_wconf 92' lang='lat' dir='ltr'>in</span> <span class='ocrx_word' id='word_1_140' title='bbox 1508 2929 2016 3010; x_wconf 83' lang='lat' dir='ltr'>Spartanorum</span> <span class='ocrx_word' id='word_1_141' title='bbox 2078 2930 2409 2998; x_wconf 88' lang='lat' dir='ltr'>ditionem</span> <span class='ocrx_word' id='word_1_142' title='bbox 2442 2932 2788 3025; x_wconf 85' lang='lat' dir='ltr'>Pelopon-</span> 
     </span>
     <span class='ocr_line' id='line_1_22' title="bbox 641 3037 2808 3125; baseline -0 -19"><span class='ocrx_word' id='word_1_143' title='bbox 641 3039 816 3107; x_wconf 87' lang='lat' dir='ltr'>nesii</span> <span class='ocrx_word' id='word_1_144' title='bbox 845 3039 1149 3105; x_wconf 83' lang='lat' dir='ltr'>redirent</span> <span class='ocrx_word' id='word_1_145' title='bbox 1175 3037 1293 3125; x_wconf 78' lang='lat'>(5).</span> <span class='ocrx_word' id='word_1_146' title='bbox 2797 3043 2808 3054; x_wconf 87' lang='lat'>&#39;</span> 
     </span>
    </p>

    <p class='ocr_par' dir='ltr' id='par_1_3' title="bbox 639 3142 2782 3773">
     <span class='ocr_line' id='line_1_23' title="bbox 731 3142 2782 3225; baseline 0 -12"><span class='ocrx_word' id='word_1_147' title='bbox 731 3146 966 3225; x_wconf 88' lang='lat' dir='ltr'>Quum</span> <span class='ocrx_word' id='word_1_148' title='bbox 1006 3144 1416 3211; x_wconf 87' lang='lat' dir='ltr'>Cleomenes</span> <span class='ocrx_word' id='word_1_149' title='bbox 1446 3142 1746 3209; x_wconf 87' lang='lat' dir='ltr'>civitatis</span> <span class='ocrx_word' id='word_1_150' title='bbox 1780 3148 2030 3210; x_wconf 90' lang='lat' dir='ltr'>statum</span> <span class='ocrx_word' id='word_1_151' title='bbox 2065 3165 2212 3210; x_wconf 87' lang='lat' dir='ltr'>esse</span> <span class='ocrx_word' id='word_1_152' title='bbox 2246 3146 2782 3213; x_wconf 90' lang='lat' dir='ltr'>convellendum</span> 
     </span>
     <span class='ocr_line' id='line_1_24' title="bbox 640 3249 2779 3345; baseline 0.001 -26"><span class='ocrx_word' id='word_1_153' title='bbox 640 3259 916 3345; x_wconf 91' lang='lat' dir='ltr'>putaret</span> <span class='ocrx_word' id='word_1_154' title='bbox 966 3250 1050 3317; x_wconf 90' lang='lat' dir='ltr'>ad</span> <span class='ocrx_word' id='word_1_155' title='bbox 1100 3251 1251 3339; x_wconf 91' lang='lat' dir='ltr'>ejus</span> <span class='ocrx_word' id='word_1_156' title='bbox 1307 3249 1586 3316; x_wconf 86' lang='lat' dir='ltr'>laudem</span> <span class='ocrx_word' id='word_1_157' title='bbox 1631 3249 1996 3338; x_wconf 86' lang='lat' dir='ltr'>pristinam</span> <span class='ocrx_word' id='word_1_158' title='bbox 2050 3249 2534 3331; x_wconf 88' lang='lat' dir='ltr'>revocandam,</span> <span class='ocrx_word' id='word_1_159' title='bbox 2588 3255 2779 3343; x_wconf 87' lang='lat' dir='ltr'>prius</span> 
     </span>
     <span class='ocr_line' id='line_1_25' title="bbox 640 3357 2779 3447; baseline 0 -20"><span class='ocrx_word' id='word_1_160' title='bbox 640 3368 873 3427; x_wconf 88' lang='lat' dir='ltr'>tamen</span> <span class='ocrx_word' id='word_1_161' title='bbox 908 3358 1167 3426; x_wconf 89' lang='lat' dir='ltr'>bellare</span> <span class='ocrx_word' id='word_1_162' title='bbox 1201 3357 1411 3447; x_wconf 88' lang='lat' dir='ltr'>coepit</span> <span class='ocrx_word' id='word_1_163' title='bbox 1437 3378 1647 3447; x_wconf 88' lang='lat' dir='ltr'>quam</span> <span class='ocrx_word' id='word_1_164' title='bbox 1674 3379 1890 3423; x_wconf 90' lang='lat' dir='ltr'>novas</span> <span class='ocrx_word' id='word_1_165' title='bbox 1924 3380 2030 3423; x_wconf 90' lang='lat' dir='ltr'>res</span> <span class='ocrx_word' id='word_1_166' title='bbox 2060 3358 2448 3424; x_wconf 88' lang='lat' dir='ltr'>moliretur.</span> <span class='ocrx_word' id='word_1_167' title='bbox 2478 3361 2559 3426; x_wconf 90' lang='lat' dir='ltr'>Ei</span> <span class='ocrx_word' id='word_1_168' title='bbox 2593 3362 2779 3428; x_wconf 90' lang='lat' dir='ltr'>enim</span> 
     </span>
     <span class='ocr_line' id='line_1_26' title="bbox 642 3462 2778 3558; baseline -0 -23"><span class='ocrx_word' id='word_1_169' title='bbox 642 3490 817 3558; x_wconf 88' lang='lat' dir='ltr'>opus</span> <span class='ocrx_word' id='word_1_170' title='bbox 860 3471 1008 3534; x_wconf 87' lang='lat' dir='ltr'>erat</span> <span class='ocrx_word' id='word_1_171' title='bbox 1049 3464 1235 3531; x_wconf 80' lang='lat' dir='ltr'>claro</span> <span class='ocrx_word' id='word_1_172' title='bbox 1277 3462 1462 3552; x_wconf 90' lang='lat' dir='ltr'>apud</span> <span class='ocrx_word' id='word_1_173' title='bbox 1497 3462 1791 3551; x_wconf 91' lang='lat' dir='ltr'>vulgum</span> <span class='ocrx_word' id='word_1_174' title='bbox 1823 3486 2105 3530; x_wconf 89' lang='lat' dir='ltr'>rumore</span> <span class='ocrx_word' id='word_1_175' title='bbox 2150 3487 2320 3531; x_wconf 85' lang='lat' dir='ltr'>esse.</span> <span class='ocrx_word' id='word_1_176' title='bbox 2360 3467 2598 3557; x_wconf 90' lang='lat' dir='ltr'>Itaque</span> <span class='ocrx_word' id='word_1_177' title='bbox 2642 3469 2778 3533; x_wconf 86' lang='lat' dir='ltr'>for-</span> 
     </span>
     <span class='ocr_line' id='line_1_27' title="bbox 639 3569 2780 3663; baseline -0 -20"><span class='ocrx_word' id='word_1_178' title='bbox 639 3583 882 3643; x_wconf 91' lang='lat' dir='ltr'>tunam</span> <span class='ocrx_word' id='word_1_179' title='bbox 937 3578 1258 3663; x_wconf 86' lang='lat' dir='ltr'>expertus</span> <span class='ocrx_word' id='word_1_180' title='bbox 1314 3575 1413 3637; x_wconf 88' lang='lat' dir='ltr'>est</span> <span class='ocrx_word' id='word_1_181' title='bbox 1462 3569 1943 3661; x_wconf 89' lang='lat' dir='ltr'>impetumque</span> <span class='ocrx_word' id='word_1_182' title='bbox 1995 3572 2065 3636; x_wconf 93' lang='lat' dir='ltr'>in</span> <span class='ocrx_word' id='word_1_183' title='bbox 2114 3572 2413 3639; x_wconf 60' lang='lat' dir='ltr'>Achaeos</span> <span class='ocrx_word' id='word_1_184' title='bbox 2459 3574 2645 3648; x_wconf 87' lang='lat' dir='ltr'>fecit,</span> <span class='ocrx_word' id='word_1_185' title='bbox 2697 3575 2780 3642; x_wconf 91' lang='lat' dir='ltr'>de</span> 
     </span>
     <span class='ocr_line' id='line_1_28' title="bbox 641 3676 2780 3773; baseline 0 -25"><span class='ocrx_word' id='word_1_186' title='bbox 641 3683 891 3773; x_wconf 88' lang='lat' dir='ltr'>quibus</span> <span class='ocrx_word' id='word_1_187' title='bbox 933 3678 1250 3769; x_wconf 88' lang='lat' dir='ltr'>Spartani</span> <span class='ocrx_word' id='word_1_188' title='bbox 1293 3676 1650 3768; x_wconf 89' lang='lat' dir='ltr'>querelam</span> <span class='ocrx_word' id='word_1_189' title='bbox 1691 3678 2039 3745; x_wconf 89' lang='lat' dir='ltr'>habebant</span> <span class='ocrx_word' id='word_1_190' title='bbox 2081 3679 2202 3768; x_wconf 76' lang='grc'>(6).</span> <span class='ocrx_word' id='word_1_191' title='bbox 2247 3679 2361 3745; x_wconf 93' lang='lat' dir='ltr'>Illi</span> <span class='ocrx_word' id='word_1_192' title='bbox 2408 3686 2780 3769; x_wconf 72' lang='lat' dir='ltr'>praetorem</span> 
     </span>
    </p>
   </div>
   <div class='ocr_carea' id='block_1_3' title="bbox 645 3855 2784 4400">
    <p class='ocr_par' dir='ltr' id='par_1_4' title="bbox 704 3855 1416 3917">
     <span class='ocr_line' id='line_1_29' title="bbox 704 3855 1416 3917; baseline -0.007 -8"><span class='ocrx_word' id='word_1_193' title='bbox 704 3861 749 3909; x_wconf 92' lang='lat'>1.</span> <span class='ocrx_word' id='word_1_194' title='bbox 781 3861 931 3909; x_wconf 75' lang='lat' dir='ltr'>D1oc.</span> <span class='ocrx_word' id='word_1_195' title='bbox 966 3859 1189 3917; x_wconf 59' lang='lat' dir='ltr'>LAERT„</span> <span class='ocrx_word' id='word_1_196' title='bbox 1222 3856 1336 3916; x_wconf 91' lang='lat' dir='ltr'>VII,</span> <span class='ocrx_word' id='word_1_197' title='bbox 1363 3855 1416 3905; x_wconf 89' lang='lat'>6.</span> 
     </span>
    </p>

    <p class='ocr_par' dir='ltr' id='par_1_5' title="bbox 701 3939 1200 3997">
     <span class='ocr_line' id='line_1_30' title="bbox 701 3939 1200 3997; baseline -0.01 -7"><span class='ocrx_word' id='word_1_198' title='bbox 701 3942 751 3990; x_wconf 81' lang='lat'>2.</span> <span class='ocrx_word' id='word_1_199' title='bbox 787 3941 997 3997; x_wconf 66' lang='lat' dir='ltr'>Cleom„</span> <span class='ocrx_word' id='word_1_200' title='bbox 1032 3939 1120 3996; x_wconf 86' lang='lat' dir='ltr'>XI,</span> <span class='ocrx_word' id='word_1_201' title='bbox 1154 3939 1200 3985; x_wconf 80' lang='lat'>2.</span> 
     </span>
    </p>

    <p class='ocr_par' dir='ltr' id='par_1_6' title="bbox 645 4017 2784 4158">
     <span class='ocr_line' id='line_1_31' title="bbox 704 4017 2784 4082; baseline -0 -11"><span class='ocrx_word' id='word_1_202' title='bbox 704 4022 753 4071; x_wconf 86' lang='lat'>3.</span> <span class='ocrx_word' id='word_1_203' title='bbox 782 4022 847 4070; x_wconf 92' lang='lat' dir='ltr'>V.</span> <span class='ocrx_word' id='word_1_204' title='bbox 881 4021 999 4082; x_wconf 80' lang='lat' dir='ltr'>quid</span> <span class='ocrx_word' id='word_1_205' title='bbox 1043 4019 1362 4075; x_wconf 61' lang='lat' dir='ltr'>(flmmeum,</span> <span class='ocrx_word' id='word_1_206' title='bbox 1399 4017 1605 4079; x_wconf 87' lang='lat' dir='ltr'>ephoris</span> <span class='ocrx_word' id='word_1_207' title='bbox 1642 4017 1941 4076; x_wconf 74' lang='lat' dir='ltr'>interfectis,</span> <span class='ocrx_word' id='word_1_208' title='bbox 1988 4019 2052 4066; x_wconf 87' lang='lat' dir='ltr'>ad</span> <span class='ocrx_word' id='word_1_209' title='bbox 2096 4033 2151 4066; x_wconf 87' lang='lat' dir='ltr'>se</span> <span class='ocrx_word' id='word_1_210' title='bbox 2198 4021 2549 4069; x_wconf 85' lang='lat' dir='ltr'>excusandum</span> <span class='ocrx_word' id='word_1_211' title='bbox 2587 4022 2638 4069; x_wconf 90' lang='lat' dir='ltr'>in</span> <span class='ocrx_word' id='word_1_212' title='bbox 2669 4033 2784 4070; x_wconf 90' lang='lat' dir='ltr'>con·</span> 
     </span>
     <span class='ocr_line' id='line_1_32' title="bbox 645 4096 1746 4158; baseline -0.007 -4"><span class='ocrx_word' id='word_1_213' title='bbox 645 4104 792 4153; x_wconf 89' lang='lat' dir='ltr'>cione</span> <span class='ocrx_word' id='word_1_214' title='bbox 823 4102 999 4149; x_wconf 71' lang='lat' dir='ltr'>dixerit</span> <span class='ocrx_word' id='word_1_215' title='bbox 1031 4114 1045 4147; x_wconf 71' lang='grc' dir='ltr'>ε</span> <span class='ocrx_word' id='word_1_216' title='bbox 1079 4099 1267 4156; x_wconf 68' lang='lat' dir='ltr'>PLu‘r„</span> <span class='ocrx_word' id='word_1_217' title='bbox 1310 4097 1522 4157; x_wconf 85' lang='lat' dir='ltr'>Cleom.,</span> <span class='ocrx_word' id='word_1_218' title='bbox 1552 4098 1617 4158; x_wconf 87' lang='grc' dir='ltr'>Χ,</span> <span class='ocrx_word' id='word_1_219' title='bbox 1648 4096 1746 4146; x_wconf 82' lang='grc'><strong>2·5.</strong></span> 
     </span>
    </p>

    <p class='ocr_par' dir='ltr' id='par_1_7' title="bbox 706 4178 2523 4241">
     <span class='ocr_line' id='line_1_33' title="bbox 706 4178 2523 4241; baseline -0.008 -7"><span class='ocrx_word' id='word_1_220' title='bbox 706 4185 754 4233; x_wconf 88' lang='grc'>4.</span> <span class='ocrx_word' id='word_1_221' title='bbox 785 4183 953 4233; x_wconf 82' lang='lat' dir='ltr'>Cleom</span> <span class='ocrx_word' id='word_1_222' title='bbox 980 4217 992 4238; x_wconf 89' lang='lat'><strong><em>,</em></strong></span> <span class='ocrx_word' id='word_1_223' title='bbox 1026 4179 1066 4241; x_wconf 88' lang='grc' dir='ltr'>Ι,</span> <span class='ocrx_word' id='word_1_224' title='bbox 1097 4178 1152 4237; x_wconf 79' lang='lat'>2;</span> <span class='ocrx_word' id='word_1_225' title='bbox 1178 4178 1263 4236; x_wconf 88' lang='lat'>111,</span> <span class='ocrx_word' id='word_1_226' title='bbox 1296 4178 1343 4228; x_wconf 79' lang='lat'>2.</span> <span class='ocrx_word' id='word_1_227' title='bbox 2519 4217 2523 4220; x_wconf 90' lang='lat'>.</span> 
     </span>
    </p>

    <p class='ocr_par' dir='ltr' id='par_1_8' title="bbox 705 4258 2553 4323">
     <span class='ocr_line' id='line_1_34' title="bbox 705 4258 2553 4323; baseline -0.002 -9"><span class='ocrx_word' id='word_1_228' title='bbox 705 4264 755 4313; x_wconf 82' lang='lat'>5.</span> <span class='ocrx_word' id='word_1_229' title='bbox 789 4268 997 4318; x_wconf 63' lang='lat' dir='ltr'>Poma„</span> <span class='ocrx_word' id='word_1_230' title='bbox 1034 4260 1096 4319; x_wconf 92' lang='lat' dir='ltr'>Il,</span> <span class='ocrx_word' id='word_1_231' title='bbox 1120 4274 1260 4321; x_wconf 78' lang='lat' dir='ltr'>xmx,</span> <span class='ocrx_word' id='word_1_232' title='bbox 1288 4258 1336 4308; x_wconf 82' lang='lat'>4.</span> <span class='ocrx_word' id='word_1_233' title='bbox 1365 4285 1428 4297; x_wconf 95' lang='lat'><strong>—</strong></span> <span class='ocrx_word' id='word_1_234' title='bbox 1450 4260 1667 4322; x_wconf 64' lang='lat' dir='ltr'>Oleum„</span> <span class='ocrx_word' id='word_1_235' title='bbox 1700 4262 1816 4321; x_wconf 87' lang='lat' dir='ltr'>VII,</span> <span class='ocrx_word' id='word_1_236' title='bbox 1849 4262 1896 4310; x_wconf 84' lang='lat'>1.</span> <span class='ocrx_word' id='word_1_237' title='bbox 1926 4286 1984 4298; x_wconf 96' lang='lat'>—</span> <span class='ocrx_word' id='word_1_238' title='bbox 2011 4261 2279 4321; x_wconf 62' lang='lat' dir='ltr'>PAusAN„</span> <span class='ocrx_word' id='word_1_239' title='bbox 2309 4262 2370 4321; x_wconf 91' lang='lat'>11,</span> <span class='ocrx_word' id='word_1_240' title='bbox 2405 4277 2472 4323; x_wconf 75' lang='lat' dir='ltr'>rx,</span> <span class='ocrx_word' id='word_1_241' title='bbox 2507 4261 2553 4311; x_wconf 83' lang='lat'>1.</span> 
     </span>
    </p>

    <p class='ocr_par' dir='ltr' id='par_1_9' title="bbox 706 4339 1207 4400">
     <span class='ocr_line' id='line_1_35' title="bbox 706 4339 1207 4400; baseline -0.01 -7"><span class='ocrx_word' id='word_1_242' title='bbox 706 4344 759 4393; x_wconf 92' lang='grc'>6.</span> <span class='ocrx_word' id='word_1_243' title='bbox 799 4344 1007 4400; x_wconf 63' lang='lat' dir='ltr'>Cleom„</span> <span class='ocrx_word' id='word_1_244' title='bbox 1039 4340 1126 4397; x_wconf 84' lang='lat'>111,</span> <span class='ocrx_word' id='word_1_245' title='bbox 1159 4339 1207 4388; x_wconf 88' lang='lat'>3.</span> 
     </span>
    </p>
   </div>
   <div class='ocr_carea' id='block_1_4' title="bbox 2465 4443 2498 4494">
    <p class='ocr_par' dir='ltr' id='par_1_10' title="bbox 2465 4443 2498 4494">
     <span class='ocr_line' id='line_1_36' title="bbox 2465 4443 2498 4494; baseline 0 0"><span class='ocrx_word' id='word_1_246' title='bbox 2465 4443 2498 4494; x_wconf 85' lang='lat'>2</span> 
     </span>
    </p>
   </div>
  </div>
 </body>
</html>
