3419 5466
1583 760 1906 818 -35-

674 922 861 983 tores
891 913 1104 980 fuisse
1135 934 1409 980 necnon
1432 912 2006 984 Lacedaemonios
2037 916 2109 980 in
2147 937 2272 982 sua
2310 915 2619 982 amicitia
2666 939 2823 1006 per-

676 1043 956 1089 manere
991 1020 1112 1108 (1).
1161 1011 1529 1112 Philippu's
1570 1029 1830 1110 autem,
1867 1023 1978 1091 vel
2009 1022 2239 1113 potius
2269 1023 2527 1089 Aratus
2583 1031 2651 1113 et
2696 1021 2821 1089 alii

678 1126 1056 1195 familiares
1087 1127 1273 1216 regis
1306 1127 1422 1218 qui
1454 1152 1748 1197 summae
1780 1151 2013 1197 rerum
2041 1135 2407 1218 praeerant,
2438 1152 2602 1196 vera
2636 1152 2822 1195 com-

679 1239 1002 1325 pererant
1033 1256 1117 1300 ex
1146 1235 1502 1302 nonnullis
1539 1237 1962 1327 principibus
1995 1236 2357 1324 Spartanis
2391 1236 2510 1326 qui
2543 1236 2711 1325 fuga
2737 1235 2824 1302 ad

680 1341 1138 1408 Macedonum
1168 1363 1403 1431 regem
1440 1365 1513 1410 se
1549 1349 1974 1433 receperant.
2015 1343 2284 1432 Itaque,
2321 1341 2501 1409 inter
2542 1365 2659 1410 eos
2704 1343 2822 1433 qui

682 1450 863 1518 circa
889 1447 1298 1538 Philippum
1331 1456 1548 1527 erant,
1591 1450 1711 1516 alii
1742 1450 1805 1517 ei
1834 1455 2149 1517 auctores
2182 1454 2376 1516 erant
2407 1456 2482 1515 ut
2513 1450 2585 1516 in
2616 1450 2825 1516 Lace-

680 1555 1060 1624 daemonios
1119 1557 1414 1634 saeviret,
1462 1556 1581 1623 alii
1630 1562 1708 1624 ut
1762 1557 2007 1624 saltem
2059 1556 2132 1622 in
2187 1555 2381 1644 vulgi
2437 1556 2826 1652 turbatores

682 1662 1260 1733 animadverteret
1286 1670 1353 1730 et
1380 1662 1892 1753 rempublicam¹
1916 1663 2057 1731 suis
2090 1662 2334 1729 amicis
2364 1662 2666 1731 traderet
2694 1663 2822 1752 (2).

682 1772 942 1837 Aratus
974 1793 1166 1846 vero,
1199 1769 1501 1860 prudens
1534 1775 1598 1837 et
1634 1775 2055 1861 temperatus
2096 1770 2224 1850 vir,
2261 1775 2406 1836 tam
2456 1777 2699 1837 cautus
2750 1779 2827 1837 ut

685 1900 865 1967 saepe
912 1877 1205 1944 timidus
1257 1877 1607 1944 videretur
1649 1877 1771 1966 (3),
1832 1876 2235 1967 Philippum
2282 1876 2354 1943 in
2404 1877 2823 1943 sententiam

683 1984 1073 2052 modestam
1105 1984 1410 2073 impulit,
1446 1986 1950 2073 Spartanorum
1984 1984 2357 2051 seditiones
2387 2007 2528 2050 non
2559 1982 2644 2049 ad
2668 2004 2831 2050 eum

685 2091 1053 2183 pertinere,
1085 2113 1303 2180 quum
1343 2113 1462 2158 eos
1501 2092 1901 2182 Antigonus
1942 2091 2402 2167 liberavisset,
2443 2091 2831 2180 praesertim

687 2222 902 2288 quum
941 2197 1273 2266 adversus
1315 2220 1763 2265 communem
1809 2199 2215 2265 societatem
2259 2198 2435 2263 nihil
2490 2197 2833 2288 deliquis-

688 2310 838 2372 sent
871 2311 938 2371 et
974 2327 1046 2371 se
1080 2303 1312 2370 officia
1358 2305 1708 2372 sociorum
1749 2305 2187 2394 praestituros
2234 2305 2526 2395 polliciti
2574 2310 2829 2372 essent.

687 2411 921 2480 Omias
973 2417 1040 2477 et
1079 2411 1419 2492 PetraeuS,
1455 2434 1539 2478 ex
1571 2411 1849 2478 cohorte
1883 2412 2069 2498 regis
2103 2411 2589 2488 familiarium,
2622 2412 2836 2478 Lace-

691 2519 1080 2586 daemonem
1111 2518 1309 2583 missi
1339 2524 1522 2600 sunt,
1555 2518 1674 2608 qui
1712 2517 1942 2584 foedus
1973 2518 2351 2585 firmarent.
2385 2518 2652 2585 Deinde
2681 2518 2836 2584 Phi-

688 2624 914 2715 lippus
966 2624 1383 2690 Corinthum
1431 2624 1661 2706 rediit,
1716 2624 1839 2691 ubi
1887 2624 2234 2692 sociorum
2295 2625 2507 2712 legati
2563 2624 2833 2691 bellum

690 2732 943 2800 AEtolis
971 2755 1119 2799 esse
1154 2731 1598 2799 inferendum
1629 2742 2132 2800 consenserunt
2166 2732 2290 2822 (4).
2328 2733 2478 2799 Hoc
2510 2731 2644 2800 fuit
2676 2732 2839 2801 belli

689 2840 960 2906 socialis
989 2840 1293 2905 initium.
2511 2853 2524 2867 ·

783 2946 919 3013 Vix
970 2945 1463 3013 Macedonibus
1517 2947 1870 3036 profectis,
1915 2946 2228 3035 Spartani
2282 2947 2398 3035 qui
2453 2969 2667 3013 novas
2726 2969 2835 3013 res

694 3052 1167 3121 moliebantur
1199 3051 1284 3118 ad
1318 3052 1608 3120 consilia
1640 3076 1764 3120 sua
1789 3053 2048 3119 reversi
2085 3061 2267 3119 sunt.
2301 3052 2405 3118 Ab
2441 3052 2550 3118 his
2586 3051 2834 3121 molles

695 3160 942 3249 ephori
987 3182 1066 3226 eo
1112 3158 1427 3249 perducti
1479 3166 1644 3225 sunt
1674 3165 1753 3226 ut
1799 3159 2060 3249 legatos
2115 3181 2152 3224 a
2208 3159 2414 3225 sociis
2455 3160 2709 3227 missos
2752 3159 2837 3225 ad

698 3265 1042 3333 auxilium
1106 3271 1343 3331 contra
1405 3264 1678 3332 AEtolos
1739 3265 2119 3355 petendum
2197 3266 2625 3334 dimitterent
2689 3267 2837 3333 sine

697 3394 1053 3462 responso.
1104 3372 1289 3452 Quin
1330 3372 1562 3453 etiam,
1614 3374 1823 3462 paulo
1875 3378 2032 3461 post
2059 3369 2460 3440 AEtolorum
2515 3375 2839 3441 arcessita

671 3484 801 3545 ·est
850 3478 1126 3567 legatio,
1179 3485 1244 3544 et
1302 3478 1775 3568 promtissime
1822 3501 2064 3546 eorum
2139 3479 2422 3547 nomine
2492 3481 2838 3547 Machatas

701 3586 1017 3675 Spartam
1047 3586 1400 3675 profectus
1434 3591 1558 3651 est.

790 3692 1079 3759 Interim
1125 3692 1367 3781 ephori
1415 3690 1535 3757 alii
1590 3696 1785 3759 erant
1827 3692 2064 3770 creati,
2112 3715 2415 3781 quorum
2457 3715 2584 3783 ope
2632 3694 2841 3761 factio

702 3798 1250 3890 adolescentium
1303 3820 1541 3887 regem
1586 3798 1739 3887 lege
1780 3798 2291 3865 restituendum
2345 3805 2411 3865 et
2456 3800 2843 3868 amicitiam

703 3926 865 3971 cum
919 3906 1169 3973 AEtolis
1226 3906 1376 3974 sine
1439 3905 1665 3972 turbis
1732 3906 2122 3973 faciendam
2182 3907 2525 3996 sperabat.
2581 3908 2845 3998 Ephori

768 4110 813 4160 1.
838 4111 1058 4169 Poma,
1094 4110 1184 4169 IV,
1213 4126 1354 4172 xxm,
1389 4110 1497 4160 1-6.

767 4191 813 4240 2.
848 4194 1055 4248 Pomm„
1086 4190 1176 4248 IV,
1212 4206 1354 4251 xxm,
1387 4190 1489 4251 8-93
1515 4206 1635 4249 xx11,
1673 4191 1748 4240 12.

767 4270 815 4320 3.
849 4271 1176 4330 POLYB.,1V‚
1206 4285 1316 4329 vm,
1349 4272 1396 4319 2.
1429 4299 1489 4307 -
1510 4272 1692 4330 Pura,
1725 4272 1897 4329 Arae„
1936 4272 1999 4320 X.

769 4351 818 4400 4.
843 4351 1063 4412 Poma,
1090 4351 1180 4410 IV,
1205 4366 1339 4410 xxm,
1373 4350 1460 4402 25.
