3419 5466
1506 762 1829 820 -22-

603 922 859 1011 saepius
891 920 973 987 ab
1006 918 1128 986 illo
1160 919 1408 997 victus,
1441 920 1512 986 in
1545 917 1890 987 auxilium
1918 917 2281 986 advocavit
2309 921 2742 1012 Antigonum

597 1028 975 1111 Dosonem‚
1038 1027 1494 1094 Macedonum
1573 1048 1836 1116 regem,
1922 1025 2040 1116 qui
2120 1025 2745 1119 Peloponnesiacis

596 1135 898 1226 negotiis
917 1133 1417 1200 interveniendi
1440 1135 1875 1201 occasionem
1894 1131 2092 1200 avide
2116 1134 2477 1223 amplexus
2498 1142 2598 1202 est
2617 1136 2741 1228 (1).

601 1242 834 1324 Quum
864 1244 1129 1332 pateret
1175 1240 1619 1333 Cleomenem
1656 1239 1726 1305 id
1780 1245 2055 1306 tantum
2103 1239 2379 1307 studere
2426 1252 2505 1309 ut
2560 1244 2750 1332 pris-

600 1349 820 1415 tinam
847 1349 1348 1438 Spartanorum
1387 1347 1665 1414 laudem
1697 1351 2081 1425 revocaret,
2121 1369 2458 1436 pauperes
2489 1348 2749 1416 alieni-

600 1455 757 1546 geni
821 1455 904 1522 ab
964 1478 1044 1522 eo
1105 1455 1567 1530 desciverunt,
1634 1459 1699 1521 et
1764 1454 1976 1520 simul
2044 1475 2119 1519 ac
2179 1453 2747 1545 Peloponnesum

602 1563 902 1653 subegit,
938 1585 1091 1629 eam
1122 1563 1377 1629 amisit.
1415 1561 1497 1628 In
1531 1561 1640 1628 his
1674 1560 2041 1650 angustiiS,
2076 1566 2156 1626 ut
2186 1582 2353 1650 opes
2383 1569 2447 1628 et
2485 1562 2744 1630 milites

599 1678 898 1762 pararet,
954 1671 1280 1737 liberavit
1324 1691 1566 1737 omnes
1619 1668 1826 1735 ilotas
1884 1673 2023 1734 tam
2074 1668 2493 1759 pecuniosos
2552 1681 2629 1736 ut
2677 1694 2748 1737 se

603 1779 947 1845 redimere
1005 1782 1305 1866 possent,
1370 1776 1484 1843 Sic
1537 1775 1621 1841 ad
1676 1774 2068 1842 libertatem
2119 1774 2440 1864 perduxit
2492 1799 2745 1844 novem

605 1883 833 1951 millia
907 1883 1259 1964 ilotarum,
1327 1884 1385 1949 si
1446 1881 1667 1949 credis
1726 1880 2102 1957 MacrobiO,
2174 1904 2294 1947 sex
2353 1883 2603 1960 millia,
2684 1885 2740 1950 si

606 1991 830 2059 credis
870 1990 1273 2071 PlutarchO,
1325 1990 1443 2079 qui
1501 1989 1948 2057 Cleomenem
2007 1987 2258 2078 cuique
2313 1993 2746 2058 manumisso

609 2099 918 2190 quinque
949 2098 1177 2163 minas
1218 2096 1457 2163 atticas
1504 2095 1924 2188 expressisse
1976 2098 2043 2159 et
2091 2095 2226 2162 hoc
2281 2097 2490 2163 modo
2545 2099 2753 2188 quin-

610 2212 813 2296 genta
866 2203 1148 2280 talenta‚
1180 2202 1553 2294 pecuniam
1591 2199 2121 2292 amplissimam,
2155 2201 2521 2293 collegisse
2566 2204 2755 2270 affir-

609 2318 753 2378 mat
800 2311 922 2400 (2).
969 2310 1094 2378 Cui
1143 2309 1453 2399 opinioni
1516 2330 1701 2399 aegre
1746 2309 2192 2375 assentimur.
2227 2310 2425 2375 Multi
2467 2310 2752 2400 quidem

611 2417 803 2486 ilotae
856 2418 1032 2485 bene
1088 2416 1454 2495 vivebant3
1515 2416 1634 2482 sed
1700 2415 2127 2482 Plutarchus
2181 2415 2327 2505 ipse
2392 2416 2528 2484 alio
2597 2417 2752 2484 loco

614 2526 857 2592 asserit
886 2523 1123 2613 inopia
1156 2536 1468 2590 coactum
1501 2521 1948 2591 Cleomenem
1978 2521 2051 2588 in
2082 2523 2303 2588 aciem
2335 2524 2753 2614 processisse

614 2632 799 2722 apud
853 2630 1215 2697 Sellasiam
1273 2631 1393 2718 (3).
1448 2630 1589 2697 Nec
1640 2628 1723 2696 de
1773 2629 2100 2695 ilotarum
2162 2630 2758 2697 manumissorum

613 2777 740 2824 nese
764 2793 809 2822 ».
836 2774 1015 2834 Longe
1041 2773 1169 2822 mihi
1200 2774 1298 2821 alia
1319 2786 1469 2821 mens
1500 2775 1597 2821 est.
1621 2771 1928 2821 Cleomenes
1957 2772 2096 2820 enim
2117 2785 2222 2820 non
2249 2773 2322 2821 sic
2351 2787 2407 2821 se
2434 2776 2596 2834 gessit
2617 2776 2757 2836 quasi

614 2869 778 2904 novas
801 2869 887 2902 res
919 2853 1248 2902 circumferre
1280 2855 1331 2901 et
1358 2852 1491 2913 plebi
1518 2852 1790 2913 indulgere
1818 2852 1986 2900 vellet.
2013 2852 2165 2900 Dicet
2185 2853 2367 2914 aliquis
2391 2869 2644 2915 pauperes
2662 2869 2768 2902 om-

615 2936 763 2983 nium
795 2934 1293 2995 Peloponnesiarum
1327 2933 1589 2980 civitatum
1617 2932 1669 2979 in
1701 2931 1981 2981 Cleomene
2012 2945 2158 2992 spem
2183 2933 2423 2991 posuisse
2455 2933 2540 2996 (cl.
2575 2934 2761 2991 ptum,

619 3013 1273 3074 Cleom.,XVII,3;Arat.‚
1289 3012 1529 3070 XXXIX,
1544 3011 1592 3072 3)
1616 3015 1694 3071 ;at
1721 3025 1865 3073 spem
1882 3012 2023 3060 illam
2047 3011 2349 3060 Cleomenes
2373 3013 2641 3061 frustratus
2665 3017 2762 3070 est,

617 3109 778 3160 quum
808 3097 871 3143 de
902 3094 1269 3156 Peloponneso
1308 3094 1363 3140 in
1393 3106 1536 3141 suam
1582 3094 1889 3154 potestatem
1924 3092 2216 3150 redigenda
2252 3094 2453 3141 tantum
2492 3093 2764 3142 laboraret.

618 3177 837 3236 Quando
869 3177 1007 3224 enim
1051 3174 1262 3223 Achaeis
1306 3173 1439 3235 apud
1488 3172 1914 3221 Hecatombaeum
1943 3171 2092 3221 victis
2131 3185 2312 3233 pacem
2355 3173 2557 3234 obtulit,
2597 3174 2659 3222 ab
2691 3173 2766 3222 eis

620 3255 748 3304 nihil
776 3255 910 3303 aliud
936 3268 1088 3316 quam
1118 3253 1205 3316 τὴν
1236 3252 1508 3316 ἠγεμονίαν
1540 3253 1715 3313 petivit
1742 3251 1981 3311 (Cleom.,
2006 3268 2091 3310 xv,
2122 3254 2191 3308 2.)
2238 3253 2352 3310 Quo
2391 3257 2623 3314 tempore
2653 3268 2766 3316 pos-

618 3339 841 3383 tremum
872 3339 990 3382 ante
1014 3334 1349 3383 Sellasianam
1377 3346 1603 3393 pugnam
1630 3346 1747 3381 cum
1783 3333 1944 3382 Arato
1972 3334 2035 3382 de
2069 3347 2195 3395 pace
2229 3337 2402 3382 actum
2433 3339 2529 3392 est,
2565 3332 2764 3394 Sparta-

620 3428 810 3463 norum
852 3428 938 3463 rex
982 3414 1154 3463 solum
1196 3413 1565 3474 postulavit-ut
1612 3415 1876 3462 crearetur
1913 3418 2010 3462 τῶν
2058 3414 2290 3479 Ἀχαιῶν
2329 3414 2529 3477 ἡγεμὼν
2563 3413 2766 3475 (pum,

618 3493 956 3553 Arat.‚XL1,
984 3493 1052 3557 2).
1070 3492 1274 3542 Nullius
1303 3492 1524 3541 civitatis
1547 3496 1711 3553 captae
1743 3495 1931 3540 statum
1961 3493 2369 3540 commutavitut
2403 3492 2539 3554 plebi
2559 3493 2766 3542 faveret.

622 3573 832 3624 Civibus
868 3574 1077 3634 Argivis
1107 3573 1306 3622 tabulas
1338 3585 1500 3620 novas
1540 3572 1662 3621 dare
1697 3572 1866 3620 noluit
1898 3571 2133 3634 (Cleom.,
2166 3573 2279 3632 XX,
2316 3573 2385 3636 3).
2427 3573 2560 3630 Quin
2595 3573 2765 3629 etiam,

622 3656 1023 3704 Mantinensium
1082 3669 1167 3701 res
1223 3653 1416 3701 Aratus
1456 3652 1699 3711 turbavit,
1756 3651 2067 3701 Cleomenes
2118 3667 2235 3702 vero
2300 3653 2526 3702 restituit
2572 3653 2765 3715 (Arain

621 3734 855 3790 XXXVI,
889 3734 914 3782 1
944 3749 956 3795 ;
993 3733 1205 3791 Cleom.,
1239 3732 1379 3792 XIV,
1413 3733 1479 3795 1).

686 3814 733 3863 1.
770 3814 987 3874 Poma„
1011 3816 1076 3873 ΙΙ,
1106 3828 1330 3862 ΧιΝΠ-Ι..
1362 3838 1425 3849 -
1457 3812 1646 3873 Ριυτ.,
1681 3811 1894 3869 Cleom.,
1931 3812 2072 3860 XVI.

685 3895 733 3945 2.
773 3893 997 3955 Cleom.,
1024 3894 1208 3954 XXIII,
1236 3893 1283 3943 1.
1320 3921 1383 3929 —
1411 3893 1682 3950 Maenoa„
1711 3892 2011 3953 Saturnal„
2044 3893 2085 3952 Ι,
2135 3907 2205 3952 x1,
2247 3892 2326 3940 34.
2373 3919 2436 3927 -
2468 3894 2540 3940 De
2570 3891 2768 3940 libertis

627 3973 913 4035 Spartanis,
936 3990 986 4024 v.
1010 3975 1221 4023 Fus'run
1246 3990 1312 4023 na
1338 3977 1675 4032 Commo-Es,
1694 3973 1860 4021 Nouo.
1884 3972 2059 4033 Beck„
2083 3987 2133 4034 p.
2153 3974 2236 4023 66.
2267 3972 2343 4020 De
2367 3973 2503 4020 ilotis
2525 3985 2617 4033 pro
2645 3972 2770 4019 mili-

624 4055 762 4103 tibus
791 4054 1049 4113 adhibitis,
1082 4069 1130 4101 v.
1164 4056 1329 4103 Nouv.
1358 4053 1533 4116 Reclz„
1563 4067 1614 4114 p.
1645 4052 1725 4110 68,
1754 4056 1804 4101 ct
1829 4052 2164 4111 ScnOEMANN,
2199 4053 2378 4116 Antiq.
2419 4063 2701 4115 qrecqueS,
2733 4051 2767 4109 l,

625 4133 847 4184 232-233.

689 4215 743 4263 3.
781 4213 1004 4271 Cleom.,
1035 4213 1243 4273 XXVII,
1275 4215 1322 4262 2.
1346 4242 1409 4249 -—
1452 4214 1509 4263 Si
1540 4214 1620 4263 vel
1643 4216 1875 4262 trecenta
1913 4213 2246 4261 solummodo
2283 4212 2470 4261 talenta
2509 4217 2770 4273 receperat

629 4296 956 4354 Cleomenes,
984 4294 1050 4342 aii
1084 4293 1354 4344 Pomfflms
1388 4294 1471 4356 (II,
1491 4309 1631 4353 Lxm,
1657 4293 1725 4355 4),
1753 4293 1899 4341 facile
1924 4292 1996 4340 illi
2020 4292 2112 4340 fuit
2141 4292 2335 4340 bellum
2365 4305 2482 4340 cum
2512 4293 2770 4355 Antigono

632 4375 885 4424 sustinere
914 4377 1067 4434 atque
1097 4373 1320 4423 trahere.
