3419 5466
1568 837 1890 895 ..73-

673 994 910 1086 oppidi
938 994 1153 1085 portis
1192 993 1472 1072 clausiS,
1514 993 1718 1085 plane
1751 994 2139 1086 impedivit.
2174 995 2284 1062 Sic
2314 996 2807 1088 Philopoemen

671 1124 743 1169 se
803 1100 1103 1191 gerebat,
1167 1123 1308 1167 non
1362 1099 1644 1189 quidem
1722 1101 1983 1171 sordidi
2058 1101 2512 1171 emolumenti
2574 1130 2801 1191 causa,

673 1229 889 1299 quum
906 1208 1406 1297 Spartanorum
1429 1207 1847 1296 optimatum
1869 1209 2049 1276 dona
2080 1208 2219 1275 alto
2232 1209 2429 1278 vultu
2458 1212 2800 1302 rejiceret,

670 1315 791 1383 sed
819 1313 1094 1381 valendi
1128 1321 1192 1380 et
1240 1312 1727 1381 auctoritatem
1770 1314 2078 1383 habendi
2121 1315 2350 1384 studio
2378 1318 2500 1406 (1).
2532 1319 2802 1413 Itaque,

672 1421 809 1489 alio
839 1426 1172 1511 tempore,
1194 1419 1512 1510 quumM.
1532 1420 1801 1489 Acilius
1834 1421 2116 1491 Glabrio
2137 1416 2383 1490 consul
2415 1425 2498 1492 ab
2524 1426 2808 1496 Achaeis

672 1527 1051 1620 postularet
1079 1533 1158 1594 ut
1185 1526 1753 1595 Lacedaemonios
1786 1551 1823 1595 a
1850 1529 2162 1619 tyrannis
2176 1530 2414 1620 pulsos
2429 1532 2500 1598 in
2515 1535 2813 1623 patriam

671 1635 1104 1717 reducerent,
1140 1634 1304 1702 huic
1335 1633 1691 1725 proposito
1754 1635 2238 1726 Philopoemen
2271 1636 2562 1718 obstitit,
2599 1664 2814 1733 quan-

673 1763 883 1833 quam
914 1741 1272 1809 exsulibus
1303 1740 1743 1832 indulgebat;
1778 1743 1941 1809 satis
1976 1742 2157 1809 enim
2192 1742 2493 1812 habebat
2524 1769 2813 1839 suspen-

678 1871 833 1916 sum
881 1855 1115 1917 tenere
1158 1849 1491 1915 Senatum
1544 1848 1665 1938 qui
1724 1848 1832 1915 his
1884 1848 2000 1939 jus
2062 1850 2504 1939 regrediendi
2562 1859 2813 1945 permi-

674 1962 853 2024 serat
877 1956 997 2045 (2).
1033 1955 1366 2021 Attamen
1388 1955 1892 2044 Spartanorum
1922 1955 2301 2046 plebS‚non
2329 1957 2558 2043 illusa,
2578 1961 2816 2031 Philo-

674 2084 1064 2154 pcemenem
1094 2061 1279 2128 haud
1311 2061 1659 2129 immerito
1696 2061 2141 2130 existimabat
2172 2063 2305 2131 sibi
2328 2088 2725 2157 repugnare
2749 2076 2814 2138 et

675 2170 1024 2238 occasioni
1053 2168 1376 2237 exsulum
1406 2169 1995 2236 restituendorum
2021 2170 2416 2240 imminere.

763 2278 970 2343 Anno
1021 2279 1147 2345 189
1193 2298 1253 2342 a.
1302 2274 1374 2343 C.
1426 2280 1745 2357 exeunte,
1792 2276 2292 2366 Spartanorum
2328 2277 2522 2369 plebs
2559 2280 2811 2371 jugum

672 2384 1090 2451 Achaeorum
1159 2386 1477 2449 excutere
1546 2386 1612 2449 et
1679 2383 2033 2451 Romanos
2100 2405 2349 2452 vocare
2420 2387 2808 2456 constituit.

673 2491 967 2559 Achaeos
1021 2512 1060 2557 a
1117 2490 1598 2557 Romanorum
1663 2489 1974 2556 amicitia
2027 2489 2429 2581 disjungere
2488 2492 2815 2562 utilitatis

676 2620 818 2666 suae
850 2610 1054 2665 causa
1083 2596 1311 2664 conati
1344 2601 1532 2677 sunt,
1560 2601 1625 2664 et
1656 2595 1843 2663 enim
1873 2618 1909 2664 e
1943 2595 2339 2665 Graecorum
2368 2599 2814 2669 incommodo

676 2727 873 2774 suam
896 2704 1330 2773 occasionem
1358 2725 1440 2772 eo
1469 2707 1778 2794 tempore
1811 2709 1875 2772 et
1906 2709 2145 2794 postea
2170 2705 2589 2796 petiverunt.
2631 2708 2816 2791 Qua-

675 2813 995 2881 mobrem
1039 2812 1272 2879 vicum
1317 2810 1681 2879 Laconicae
1728 2832 1868 2879 orae
1913 2813 2197 2880 nomine
2235 2811 2383 2880 Lan
2434 2815 2817 2906 improviso

676 2929 1208 3011 occupaverunt.
1255 2918 1362 2986 Ab
1405 2917 1656 2985 incolis
1701 2922 1976 3009 postera
2022 2919 2130 2986 die
2173 2920 2443 3010 expulsi
2490 2929 2677 2991 sunt.
2726 2926 2819 2992 At

673 3026 1189 3095 Lacedaemonii
1242 3027 1313 3092 in
1378 3027 1506 3092 hac
1564 3027 1847 3116 regione
1906 3025 2298 3093 habitantes
2355 3035 2419 3093 et
2472 3030 2819 3121 praecipue

676 3132 976 3214 exsuleS,
1033 3154 1267 3199 rerum
1324 3154 1608 3199 suarum
1665 3131 1944 3223 trepidi,
2007 3131 2089 3198 ab
2145 3132 2424 3201 Achaeis
2478 3135 2820 3204 auxilium

674 3244 1119 3331 rogaverunt,
1152 3244 1218 3306 et
1246 3236 1778 3329 Philopoemene
1817 3237 2162 3327 adjutore,
2209 3239 2568 3308 decretum
2600 3243 2822 3335 impe-

674 3350 1037 3415 traverunt
1056 3343 1141 3411 ad
1166 3343 1633 3436 exposcendos
1664 3347 2035 3435 Spartanos
2063 3346 2181 3437 qui
2201 3346 2438 3414 vicum
2461 3371 2819 3439 oppugna-

676 3460 919 3522 verant
955 3459 1021 3520 et
1050 3451 1275 3519 foedus
1316 3448 1771 3517 violaverant.
1810 3450 1962 3532 Quo
2005 3452 2300 3543 imperio
2342 3459 2485 3521 tam
2519 3457 2817 3547 superbo

679 3556 914 3629 statim
971 3559 1319 3635 nuntiato,
1377 3556 1699 3646 Spartani
1756 3559 2062 3625 furentes
2113 3560 2400 3650 triginta
2451 3562 2819 3652 optimates

677 3666 1193 3759 Philopoemeni
1226 3671 1291 3732 et
1322 3662 1683 3733 exsulibus
1704 3665 2012 3732 faventes
2041 3666 2560 3749 interfecerunt,
2588 3667 2820 3738 decre-

677 3781 930 3843 verunt
958 3772 1496 3842 renuntiandam
1525 3772 1928 3839 societatem
1957 3772 2232 3840 Achaeis
2265 3780 2331 3841 et
2360 3774 2450 3843 M.
2488 3776 2819 3845 Fulvium

678 3881 1039 3950 consulem
1096 3883 1473 3948 oraverunt
1524 3885 1600 3945 ut
1652 3879 1918 3945 veniret
1975 3879 2047 3945 in
2104 3880 2673 3971 Peloponnesum
2734 3884 2819 3951 ad

677 3989 927 4057 urbem
989 3987 1563 4055 Lacedaemonem
1625 3985 1697 4051 in
1761 3985 1971 4052 fidem
2036 3986 2507 4080 ditionemque
2575 3991 2816 4083 populi

737 4207 785 4256 1.
818 4204 1059 4261 Appula„
1087 4204 1162 4251 De
1190 4201 1297 4251 reb.
1343 4202 1571 4265 Syriae„
1612 4200 1726 4251 XII.
1759 4229 1823 4238 —
1860 4204 2041 4260 Pnur„
2083 4201 2315 4267 Philop„
2340 4203 2453 4262 XV,
2479 4204 2597 4255 6-11
2625 4220 2637 4266 3
2673 4206 2814 4268 XVI,

675 4287 785 4339 1-2.
816 4313 876 4323 —
908 4287 1163 4341 Pansam„
1190 4280 1328 4339 VIlI,
1353 4296 1418 4340 ιι,
1448 4282 1558 4330 1-2.
1591 4309 1649 4318 -
1671 4281 1888 4341 Pomm„
1923 4281 2062 4340 XXI,
2096 4296 2181 4332 xv.

728 4367 777 4416 2.
817 4367 1005 4424 Pmrr„
1037 4362 1269 4428 Philop„
1311 4361 1476 4421 XVII,
1508 4367 1555 4411 4.
1599 4387 1665 4401 -
1689 4362 1956 4420 Panem„
1992 4361 2123 4421 VIII,
2161 4377 2230 4421 m,
2266 4366 2313 4412 4.
2344 4391 2408 4402 —
2450 4364 2673 4428 Pomm„
2698 4367 2813 4426 XX,

670 4463 760 4506 χιι,
785 4450 834 4497 4.
1016 4452 1026 4463 ⁸
