3419 5466
1515 723 1838 801 &557-

612 887 1081 955 obedientiam
1136 885 1381 975 Argivi
1428 890 1773 953 exuerunt
1826 884 1951 974 (1).
2011 885 2154 952 Hac
2202 906 2275 952 re
2323 884 2559 952 animo
2597 885 2744 954 col-

608 993 811 1076 lecta,
847 992 1062 1060 Nabis
1093 992 1280 1085 plebi
1332 1015 1403 1060 se
1466 992 1759 1085 probare
1805 992 2047 1059 voluit.
2109 992 2194 1058 Et
2243 991 2455 1072 enim,
2494 1015 2744 1083 quam-

606 1124 818 1194 quam
875 1100 1213 1191 Polybius
1276 1104 1342 1167 et
1391 1099 1629 1169 Livius
1686 1097 1899 1189 hujus
1945 1097 2248 1166 civitatis
2298 1105 2554 1168 statum
2600 1123 2744 1168 non

606 1208 1016 1296 diligentius
1075 1206 1274 1274 nobis
1339 1207 1688 1298 aperiunt,
1721 1205 2067 1273 credimus
2120 1205 2393 1297 plebem
2444 1212 2511 1274 et
2560 1207 2741 1297 opti-

604 1322 824 1384 mates
851 1321 999 1382 tum
1030 1314 1363 1405 temporis
1383 1318 1462 1380 ut
1488 1314 1658 1382 olim
1685 1313 1864 1380 inter
1896 1336 1968 1380 se
1997 1311 2240 1381 acerbe
2273 1313 2733 1382 contendisse.

694 1423 1115 1512 Argivorum
1143 1421 1496 1489 civitatem
1528 1443 1647 1511 per
1675 1419 2013 1509 quosdam
2039 1421 2383 1511 principes
2414 1421 2739 1511 Philippo

603 1529 950 1621 proditam
1011 1536 1159 1595 esse
1214 1529 1348 1595 fert
1408 1527 1650 1595 Livius
1684 1527 1806 1615 (2).
1869 1526 1959 1593 Hi
2010 1528 2400 1618 optimateS‚
2462 1528 2739 1618 ingenio

600 1637 805 1728 proni
860 1636 944 1701 ad
1032 1644 1365 1726 tyrannos
1441 1634 1897 1724 respuendoS,
1963 1634 2238 1725 quando
2325 1635 2752 1725 Philippum-

602 1743 828 1834 Argos
885 1740 1431 1809 Lacedaemoniis
1484 1741 1902 1808 traditurum
1960 1764 2107 1809 esse
2167 1741 2607 1822 audiverunt,
2664 1744 2736 1810 in

603 1851 936 1917 concione
1000 1872 1256 1921 nomen
1309 1848 1600 1916 Nabidis
1669 1848 1820 1916 dira
1871 1848 2343 1916 exsecratione
2390 1850 2731 1940 prosecuti

601 1962 790 2024 sunt.
849 1955 1058 2023 Plebs
1106 1979 1290 2037 vem,
1357 1978 1572 2046 quum
1623 1954 1850 2023 adhuc
1905 1956 2189 2047 tyranni
2246 1957 2541 2023 consilia
2596 1979 2740 2025 non

600 2062 805 2154 plane
843 2063 1635 2154 cognosceret‚mediam
1667 2086 1738 2129 se
1765 2063 2067 2153 gerebat.
2103 2062 2344 2153 Itaque
2368 2063 2738 2155 Philippus

598 2170 939 2260 populum
972 2171 1042 2235 in
1062 2170 1470 2259 suffragium
1485 2168 1759 2236 mittere
1790 2192 1934 2237 non
1951 2193 2161 2236 ausus
2189 2175 2313 2246 est,
2339 2177 2405 2238 et
2437 2172 2728 2251 occulte,

600 2281 823 2354 nocte,
861 2277 1079 2344 Nabis
1132 2277 1469 2368 oppidum
1514 2275 1740 2356 inivit,
1779 2277 2140 2367 superiora
2168 2277 2320 2345 loca
2375 2281 2735 2368 occupavit

599 2389 665 2453 et
691 2390 921 2475 portas
965 2384 1236 2452 clausit.
1297 2384 1530 2450 Prima
1588 2385 1768 2462 luce,
1807 2406 1886 2451 ea
1935 2406 2042 2451 res
2095 2390 2174 2450 ut
2227 2390 2328 2452 est
2388 2384 2735 2465 nuntiata,

598 2492 901 2558 tumultu
956 2497 1102 2558 tota
1164 2491 1329 2557 urbs
1378 2490 1596 2557 mixta
1653 2496 1778 2568 est,
1837 2490 2297 2582 nonnullique
2368 2492 2736 2581 optimates

526 2601 534 2609 '
601 2597 818 2686 elapsi
852 2602 1037 2674 sunt,
1078 2619 1294 2685 quum
1324 2619 1363 2663 a
1394 2603 1688 2686 tyranno
1727 2620 1797 2664 se
1832 2597 2343 2665 conculcandos
2377 2621 2524 2664 esse
2553 2599 2737 2665 haud

598 2702 947 2770 immerito
995 2702 1521 2770 arbitrarentur.
1576 2703 1797 2772 Nabis
1849 2704 2038 2773 enim
2088 2704 2382 2773 divitum
2421 2705 2738 2773 fortunas

599 2811 909 2900 diripuit,
939 2811 1011 2879 in
1043 2811 1409 2878 tormentis
1470 2811 1873 2880 dilaceravit
1903 2833 2073 2901 quos
2123 2812 2343 2880 celare
2373 2813 2737 2905 pecuniam

598 2917 901 3008 suspicio
930 2919 1086 2993 fuit,
1107 2923 1170 2984 et
1201 2918 1404 2984 uxori
1437 2941 1580 2985 suae
1604 2920 1864 3009 Apegae
1887 2942 2126 2987 curam
2146 2918 2334 2988 dedit
2360 2920 2739 2989 mulierum

595 3025 908 3094 vestibus
941 3031 1007 3092 et
1039 3023 1463 3092 ornamentis
1491 3025 1812 3116 pretiosis
1844 3026 2392 3120 spoliandarum.
2421 3028 2735 3116 Denique

595 3133 839 3214 Nabis,
909 3133 1242 3199 concione
1331 3131 1686 3211 advocata,
1749 3134 2179 3224 rogationem
2267 3134 2733 3225 promulgavit

598 3261 809 3305 unam
844 3238 926 3306 de
975 3238 1227 3306 tabulis
1283 3238 1510 3322 noviS,
1562 3239 1855 3307 alteram
1913 3241 1994 3307 de
2045 3263 2210 3330 agro
2256 3241 2519 3307 viritim
2551 3241 2725 3307 divi-

598 3344 849 3413 dendo.
897 3346 1007 3413 Sic
1048 3348 1359 3434 profecto
1402 3347 1746 3438 majorem
1778 3354 2043 3437 partem
2084 3348 2559 3415 multitudinis
2591 3349 2725 3414 sibi

599 3452 1020 3520 conciliavit.
1059 3453 1257 3519 Dicet
1288 3453 1570 3543 aliquis,
1599 3460 1881 3522 auctore
1908 3454 2134 3531 Livio,
2171 3455 2419 3522 Nabim
2448 3478 2736 3523 recusa-

597 3559 777 3628 visse
813 3560 1221 3627 concionem
1269 3560 1429 3628 dare
1461 3562 1779 3643 liberam,
1817 3561 1885 3627 id
1918 3572 2020 3629 est
2053 3562 2246 3629 nullo
2289 3563 2627 3652 Spartano
2665 3562 2736 3628 in

596 3666 770 3735 urbe
825 3673 1149 3734 manente
1186 3667 1296 3734 vel
1343 3668 1413 3733 in
1465 3668 1762 3736 concilio
1801 3668 2155 3735 immixto.
2213 3668 2394 3750 Quid
2438 3670 2739 3736 mirum?

597 3772 815 3841 Novae
848 3796 956 3840 res
988 3773 1123 3840 nisi
1151 3775 1214 3842 vi
1252 3796 1395 3841 non
1427 3783 1811 3843 servantur.
1845 3772 2072 3854 Quam
2105 3774 2190 3842 ob
2213 3799 2491 3843 causam
2521 3776 2738 3844 Nabis

661 3934 708 3983 1.
741 3935 930 3993 Pnn‘r„
961 3934 1383 3995 Cleom.,XVIII‚
1406 3935 1437 3983 2
1459 3972 1472 3995 ,
1510 3935 1624 3996 XX,
1656 3935 1704 3986 3.

659 4015 710 4065 2.
733 4015 872 4072 L1v.‚
900 4014 1113 4075 XXXII,
1133 4015 1215 4064 25.
1247 4043 1310 4052 —
1338 4016 1414 4065 Cf.
1447 4015 1657 4066 Fusa-m,
1686 4031 1753 4065 DE
1771 4015 2107 4077 COULANGES,
2139 4016 2253 4065 Cice
2277 4018 2515 4078 antique,
2543 4031 2593 4080 p.
2617 4017 2739 4066 439:

598 4113 631 4142 α
653 4094 710 4145 Si
736 4107 800 4143 en
829 4093 919 4144 198
949 4096 1118 4154 Argos
1144 4110 1300 4145 ouvre
1329 4110 1411 4146 ses
1445 4101 1619 4159 portes
1645 4111 1743 4146 aux
1769 4096 2165 4158 Macedoniens,
2191 4098 2314 4146 c'est
2346 4111 2445 4158 que
2479 4099 2527 4147 le
2559 4098 2741 4159 peuple

599 4193 629 4220 «
662 4189 693 4238 y
735 4175 959 4235 domine.
993 4190 1017 4220 »
1060 4174 1211 4225 L1vto
1261 4179 1439 4225 contra
1471 4179 1604 4226 teste
1641 4175 1880 4239 (XXXII,
1911 4176 2009 4238 25),
2033 4178 2306 4238 optimates
2337 4181 2742 4238 composuerunt

599 4259 738 4306 artes
768 4259 825 4303 ut
861 4254 1041 4303 urbem
1090 4255 1334 4317 Philippo
1362 4257 1660 4319 proderent,
1692 4256 1797 4320 imo
1828 4260 1947 4305 sunt
1985 4257 2153 4306 mirati
2196 4257 2403 4319 plebem
2430 4272 2537 4307 non
2569 4259 2739 4307 acrius

600 4347 911 4398 repugnare.
