3419 5466
1525 764 1875 823 „fio-

625 947 743 994 cos
776 925 899 1014 (1).
937 924 1020 992 Ut
1048 924 1141 991 ait
1173 923 1429 1004 Livius,
1462 923 1639 989 inter
1674 945 1918 991 omnes
1951 929 2219 992 constat
2254 926 2326 991 in
2370 925 2762 992 civitatibus

625 1032 968 1123 optimum
1026 1053 1369 1121 quemque
1410 1032 1746 1098 Romanae
1805 1031 2152 1098 societatis
2208 1032 2420 1100 fuisse
2482 1032 2605 1121 (2).
2660 1034 2763 1099 Ex

623 1138 944 1230 perioecis
976 1143 1042 1204 et
1073 1137 1281 1217 notis,
1319 1139 1435 1228 qui
1467 1138 1785 1229 tyrannis
1825 1160 1967 1204 non
1995 1138 2170 1228 grati
2226 1139 2298 1204 in
2342 1140 2586 1206 ordine
2638 1161 2761 1206 suo

625 1245 852 1313 relicti
890 1249 1103 1326 erant,
1135 1245 1490 1334 Spartanis
1524 1246 1674 1312 sine
1726 1244 1941 1311 dubio
1991 1250 2068 1311 ut
2115 1245 2285 1312 olim
2336 1244 2757 1322 invidebant,

626 1353 733 1420 vel
765 1353 997 1443 potius
1023 1351 1190 1418 viris
1224 1351 1533 1441 undique
1566 1350 1871 1428 adscitiS,
1911 1375 2031 1418 seu
2063 1351 2574 1442 indigenis‚seu
2606 1352 2768 1419 alie-

628 1460 923 1548 nigeniS,
988 1481 1159 1547 quos
1209 1458 1421 1525 Nabis
1479 1460 1714 1525 favore
1790 1458 2353 1548 amplectebatur.
2417 1458 2766 1528 Perioecos

631 1589 794 1633 vero
822 1572 888 1633 et
915 1565 1115 1633 ilotas
1150 1588 1329 1656 saepe
1364 1567 1777 1655 pecuniosos
1808 1566 2021 1632 fuisse
2046 1572 2419 1634 memento,
2453 1568 2662 1656 Erg0,
2690 1572 2767 1633 ut

629 1673 798 1740 olim
866 1671 1391 1762 Epaminondae,
1475 1672 1788 1739 Romano
1858 1671 2370 1740 Lacedaemonii
2438 1672 2763 1741 nonnulli

636 1778 902 1847 auxilio
934 1780 1243 1845 fuerunt.

722 1887 798 1952 T.
835 1886 1198 1966 Quinctius
1222 1884 1662 1952 Flamininus
1691 1885 2261 1975 Peloponnesum
2295 1908 2452 1953 cum
2500 1888 2764 1955 cunctis

633 1991 854 2083 copiis
917 1992 1060 2059 suis
1121 1992 1388 2082 petivit,
1441 1991 1696 2082 quibus
1751 1993 1975 2081 juncti
2040 1991 2236 2059 mille
2295 1999 2361 2059 et
2407 1993 2765 2083 quingenti

631 2099 1040 2167 Macedones
1074 2122 1113 2164 a
1148 2098 1478 2188 Philippo
1505 2099 1728 2174 missi,
1761 2099 2255 2165 Thessalorum
2289 2100 2557 2190 equites
2601 2122 2768 2189 qua-

634 2204 1009 2295 dringenti,
1051 2211 1116 2272 et
1141 2205 1837 2274 Lacedaemoniorum
1880 2205 2152 2273 exsules
2199 2208 2553 2296 permulti,
2592 2229 2767 2296 quo-

631 2335 789 2379 rum
841 2312 1160 2403 princeps
1194 2319 1341 2379 erat
1395 2311 1822 2402 Agesipolis,
1856 2334 2067 2402 regno
2114 2312 2285 2380 olim
2350 2336 2389 2380 a
2447 2314 2767 2405 Lycurgo

634 2424 905 2488 exutus,
942 2420 1289 2486 Praeterea
1319 2419 1395 2485 L.
1434 2417 1800 2499 Quinctius
1824 2424 2228 2510 propraetor‚
2260 2419 2392 2486 Titi
2419 2422 2653 2498 frater,
2687 2420 2769 2487 ab

632 2526 946 2594 Leucade
978 2525 1435 2616 quadraginta
1462 2526 1754 2593 navibus
1781 2533 2087 2603 venerat,
2122 2549 2393 2594 necnon
2427 2527 2681 2595 Rhodii
2705 2532 2771 2594 et

634 2633 984 2699 Eumenes
1049 2654 1171 2698 rex
1236 2632 1490 2703 classes
1549 2640 1825 2721 paratas
1894 2633 2296 2700 offerebant.
2372 2633 2468 2699 Ne
2519 2634 2763 2710 multa,

634 2741 710 2807 T.
762 2739 1089 2821 Quinctio
1140 2739 1602 2828 quadraginta
1658 2739 1886 2807 millia
1940 2739 2307 2808 hominum
2364 2748 2578 2806 erant.
2617 2741 2770 2821 Quo

635 2846 894 2927 auditO,
934 2846 1170 2927 Nabis,
1211 2868 1354 2912 non
1380 2847 1595 2913 fracto
1630 2847 1893 2924 animO,
1942 2847 2452 2914 studiosissime
2493 2847 2765 2913 restitit.

633 2954 786 3020 Duo
827 2951 1055 3019 millia
1086 2952 1519 3021 Cretensium
1561 2952 2014 3031 delectorum,
2051 2955 2185 3021 tria
2231 2953 2458 3020 millia
2512 2954 2767 3044 stipen-

635 3060 1043 3137 diariorum,
1091 3060 1330 3127 decem
1361 3059 1588 3127 millia
1618 3083 1700 3127 ex
1742 3061 1935 3127 omni
1977 3060 2220 3127 ordine
2269 3059 2656 3127 incolarum
2699 3061 2771 3126 in

633 3168 844 3233 armis
876 3165 1147 3249 habuit,
1203 3174 1268 3233 et
1302 3168 1489 3234 fossa
1537 3166 1859 3257 valloque
1906 3168 2153 3234 urbem
2196 3168 2521 3235 munivit.
2571 3166 2772 3235 Octo-

632 3274 824 3363 ginta
851 3274 990 3339 fere
1035 3273 1471 3363 optimatum,
1518 3295 1641 3363 pro
1692 3275 2032 3364 suspectis
2077 3274 2378 3352 habitos,
2417 3280 2483 3343 et
2537 3297 2769 3341 coram

631 3380 889 3470 populo
922 3387 1251 3469 arreptos,
1294 3406 1329 3445 «
1353 3381 1572 3448 donec
1594 3404 1674 3448 ea
1702 3404 1854 3470 quae
1889 3383 2174 3448 instaret
2204 3387 2575 3470 tempestas
2605 3403 2771 3471 prae-

631 3486 873 3553 teriret
907 3510 941 3552 »
973 3486 1459 3553 custodiendos
1486 3510 1635 3554 esse
1672 3488 2148 3577 pronuntiavit
2176 3508 2189 3553 :
2222 3493 2422 3555 nocte
2456 3486 2772 3577 sequenti

633 3614 874 3661 omnes
936 3593 1169 3660 occisi.
1207 3593 1545 3660 Ilotarum
1604 3593 1955 3676 nonnulli,
1991 3596 2424 3684 transfugere
2468 3593 2768 3660 voluisse

633 3700 1044 3782 insimulati,
1081 3699 1207 3767 suh
1254 3698 1654 3767 verberibus
1691 3700 2037 3767 interfecti
2092 3707 2275 3768 sunt.
2311 3701 2458 3767 Hoc
2505 3706 2765 3768 terrore

633 3806 846 3873 Nabis
875 3807 1341 3897 proditionem
1368 3807 1769 3873 intestinam
1800 3806 2162 3897 impedivit
2201 3808 2319 3897 (3).

696 4044 742 4094 1.
778 4044 846 4094 V.
877 4046 1009 4095 infra
1034 4048 1297 4109 quomodo
1329 4048 1605 4109 optimates
1629 4049 1682 4096 et
1709 4046 1860 4097 ilotas
1893 4051 2162 4110 suspectos
2197 4046 2360 4097 Nabis
2384 4046 2689 4097 tractaverit.

692 4125 741 4175 2.
776 4124 918 4185 L1v.,
949 4125 1147 4186 XXXV,
1179 4127 1257 4175 34.

694 4204 743 4255 3.
794 4205 933 4265 L1v.‚
969 4205 1213 4266 XXXIV,
1257 4206 1432 4266 26-27,
1467 4206 1547 4258 38.
1573 4234 1636 4247 -
1684 4208 1763 4258 De
1803 4208 1862 4258 L.
1900 4207 2137 4266 Quinctio
2187 4210 2312 4257 tunc
2356 4210 2691 4270 propraetore,
2719 4220 2770 4255 v.

614 4286 1069 4365 parmensem,
1126 4286 1236 4346 200,
1271 4286 1369 4335 sub
1423 4291 1542 4338 nota
1568 4288 1615 4338 9.
1669 4315 1733 4325 —
1779 4287 1924 4337 Idem
1970 4288 2067 4337 sub
2125 4295 2184 4337 110
2213 4285 2305 4336 203
2357 4287 2560 4336 titulum
2612 4285 2774 4337 edidit

638 4367 965 4429 exsculptum
995 4380 1025 4415 a
1047 4367 1293 4417 militibus
1314 4369 1403 4432 qui
1434 4382 1552 4418 cum
1583 4368 1818 4419 Eumene
1851 4372 2029 4419 contra
2058 4368 2242 4420 Nabim
2271 4367 2492 4418 stabant.
