3419 5466
1550 748 1872 858 472-

654 959 794 1027 Nec
850 980 1011 1026 vero
1069 955 1556 1047 Philopoemen
1614 978 1746 1024 nec
1812 955 2178 1047 optimates
2240 978 2477 1047 regem
2532 955 2795 1048 eligere

652 1064 1050 1142 voluerunt,
1092 1064 1212 1154 qui
1242 1065 1416 1131 forte
1451 1070 1785 1155 tyrannus
1814 1062 2007 1130 fieret
2042 1062 2158 1151 (1).

740 1174 846 1239 Ita
904 1170 1248 1261 Spartani,
1304 1170 1574 1237 tamdiu
1648 1168 2094 1262 pertinaciter
2146 1170 2400 1237 infensi
2488 1171 2788 1254 Achaeis,

655 1302 842 1347 nunc
873 1300 1114 1346 eorum
1151 1276 1445 1345 concilio
1472 1277 1829 1344 communi
1848 1277 2347 1367 jungebantur.
2386 1276 2459 1343 Id
2487 1279 2795 1367 profecto

658 1410 801 1455 non
855 1386 1115 1475 optime
1157 1391 1390 1452 actum
1442 1390 1543 1451 est
1573 1406 1734 1451 cum
1770 1382 2074 1462 Aehaeis,
2113 1406 2286 1473 quos
2316 1383 2598 1453 assidue
2630 1407 2796 1452 con-

658 1494 970 1563 turbatos
1002 1492 1195 1583 plebs
1217 1493 1722 1581 Spartanorum
1743 1491 1991 1558 tenuit.
2019 1488 2251 1572 Quum
2282 1490 2799 1582 Philopoemen,

658 1609 735 1669 ut
792 1599 962 1668 olim
1021 1598 1440 1688 AntigonuS,
1484 1620 1599 1666 eos
1654 1598 1996 1665 innocuos
2047 1597 2267 1664 facere
2325 1598 2553 1679 vellet,
2612 1598 2799 1667 haud

661 1709 883 1800 magis
911 1728 1120 1798 quam
1146 1704 1541 1795 Antigonus
1574 1728 1657 1771 ex
1690 1704 2031 1772 sententia
2056 1726 2206 1772 rem
2238 1706 2473 1795 gessit.
2533 1705 2803 1796 Sparta·

664 1838 792 1883 nos
827 1813 1014 1881 enim
1045 1813 1343 1878 sortunae
1396 1810 1797 1902 poenitebat,
1833 1816 1909 1878 ut
1933 1818 2090 1901 post
2134 1810 2580 1879 Cleomenem
2611 1813 2804 1903 fuga-

667 1928 843 1989 tum.
881 1918 1059 1986 Nam
1089 1916 1365 1985 exsules
1400 1918 1709 2009 plerique
1741 1917 1815 1984 in
1865 1939 1986 1985 ora
2012 1918 2335 1986 Laconiae
2369 1918 2805 2011 habitabant,

669 2026 935 2096 civitati
985 2025 1456 2106 minabantur,
1495 2047 1624 2092 nec
1676 2024 2029 2092 immerito
2057 2024 2426 2115 sperabant
2457 2048 2527 2093 se
2560 2049 2599 2093 a
2629 2027 2808 2093 Phi-

669 2135 1064 2224 lopoemene
1097 2154 1222 2199 suo
1252 2133 1519 2199 fautore
1577 2154 1739 2199 mox
1780 2130 2237 2199 reducendos,
2278 2132 2621 2200 Praeterea
2657 2155 2809 2199 res-

670 2240 949 2333 publica
999 2241 1203 2329 longe
1235 2238 1502 2328 turpius
1562 2260 1772 2330 quam
1833 2244 1991 2330 post
2048 2239 2510 2307 Sellasianam
2541 2239 2806 2307 cladem

672 2347 990 2439 depressa
1017 2353 1186 2423 erat,
1224 2368 1441 2435 quum
1474 2368 1658 2412 nunc
1713 2367 1907 2411 oram
1936 2350 2001 2412 et
2053 2352 2293 2435 portus
2325 2347 2693 2414 omisisset.
2730 2344 2809 2412 Id

674 2477 853 2546 aegre
885 2454 1218 2545 patientes
1254 2453 1570 2542 Spartani
1598 2451 1684 2518 ad
1718 2474 1933 2520 novas
1963 2474 2073 2519 res
2108 2452 2702 2542 conspiraverunt,
2734 2458 2812 2520 ut

676 2560 950 2630 exsules
982 2564 1370 2627 averterent
1400 2565 1463 2625 et
1494 2557 1798 2626 liberum
1832 2557 1917 2626 ad
1947 2581 2134 2627 mare
2198 2559 2463 2627 aditum
2501 2560 2711 2627 simul
2737 2582 2814 2626 ac

680 2667 990 2759 emporia
1072 2671 1137 2733 et
1206 2665 1591 2756 peregrinis
1678 2664 2026 2736 mercibus
2095 2667 2535 2758 receptacula
2607 2667 2818 2736 habe—

682 2780 834 2843 rent
865 2774 985 2863 (2).

779 2881 998 2949 Paulo
1033 2885 1211 2970 post,
1251 2902 1431 2947 anno
1465 2882 1587 2948 191
1625 2902 1689 2947 a.
1728 2880 1837 2963 .C.,
1872 2902 2089 2971 quum
2120 2881 2549 2950 audivissent
2577 2882 2820 2950 Antio-

686 2990 899 3058 chum
932 2987 1202 3079 aliquid
1234 2988 1307 3052 in
1349 2987 1615 3056 Graecia
1652 2988 2056 3079 profecisse,
2088 2988 2411 3079 Spartani
2463 2991 2824 3080 cogitave-

689 3102 856 3164 runt
902 3096 983 3163 de
1029 3095 1215 3163 bello
1270 3093 1548 3161 Achaeis
1603 3101 1669 3162 et
1711 3096 2042 3163 Romanis
2102 3096 2485 3174 inserendo,
2523 3096 2694 3165 adeo
2747 3101 2824 3164 ut

689 3203 934 3285 AEtoli,
974 3225 1135 3268 cum
1168 3223 1330 3291 rege
1366 3201 1585 3292 Syriae
1618 3218 2011 3270 sermonem
2047 3202 2403 3285 habentes,
2444 3204 2828 3293 Spartano-

694 3332 850 3377 rum
878 3308 1256 3377 amicitiam
1284 3308 1693 3399 sperandam
1727 3331 1870 3376 non
1900 3308 2159 3399 injuria
2188 3332 2491 3377 asserere
2521 3316 2821 3400 possent.

695 3414 866 3497 Quae
920 3437 1136 3504 quum
1181 3415 1280 3482 ita
1322 3421 1571 3493 essent,
1608 3415 2029 3505 DiophaneS‚
2083 3416 2505 3484 Achaeorum
2544 3425 2820 3507 praetor,

695 3523 771 3589 T.
796 3521 1119 3605 Quinctio
1151 3522 1589 3598 assentiente,
1610 3527 1682 3589 at
1707 3522 2240 3612 Philopoemene
2272 3523 2556 3613 quidem
2580 3524 2823 3608 invit0‚

696 3630 1072 3720 Spartanos
1118 3629 1450 3718 castigare
1508 3629 1873 3696 constituit
1923 3634 1989 3697 et
2035 3629 2414 3697 Laconiam
2462 3653 2829 3720 aggressus

701 3741 824 3805 est.
876 3736 1363 3826 Philopoemen
1419 3739 1678 3816 autem,
1727 3736 1945 3803 iratus
2006 3737 2190 3826 quod
2252 3759 2393 3803 non
2451 3737 2827 3820 audiretur,

700 3840 1275 3911 Lacedaemonem
1309 3840 1510 3909 inivit
1538 3848 1603 3909 et
1626 3841 2080 3932 popularibus
2112 3844 2332 3910 suasit
2357 3849 2436 3911 ut
2463 3844 2839 3912 consilium

706 3949 1058 4018 societatis
1106 3948 1461 4015 mutandae
1517 3947 1926 4039 abjicerent:
1992 3972 2144 4039 quae
2202 3951 2602 4041 Diophanes
2635 3972 2836 4042 agere

707 4054 1172 4124 destinaverat
1229 4077 1370 4122 non
1425 4054 1655 4123 solum
1709 4055 1795 4122 ad
1857 4056 2137 4124 irritum
2191 4057 2286 4124 ita
2340 4056 2630 4147 redegit,
2689 4057 2830 4140 sed,

771 4242 816 4293 1.
848 4241 998 4370 Lm,1
1010 4241 1225 4299 XXXV,
1257 4241 1336 4292 36.
1368 4268 1428 4278 -
1452 4241 1641 4303 Ριυτ.,
1668 4242 1902 4307 ΡΙιίιορ.,
1930 4243 2047 4296 XV.
2084 4271 2147 4281 -—
2176 4244 2440 4304 PAusAN„
2472 4244 2589 4305 VII,
2621 4259 2728 4308 vm,
2745 4245 2851 4306 45,

706 4322 849 4382 VIII,
882 4336 947 4381 m,
1006 4358 1021 4371 .

770 4403 825 4455 2.
866 4403 999 4462 Ltv„
1033 4401 1324 4464 XXXVIII,
1351 4402 1525 4455 30-31.
