3419 5466
655 873 948 939 Romam
1004 868 1271 959 legatos
1331 867 1671 936 miserunt
1738 867 1824 935 ad
1879 865 2036 933 illas
2075 870 2448 935 sententias
2509 866 2797 936 Senatui

656 975 1121 1068 exponendaS.
1181 975 1366 1042 Inter
1416 974 1680 1066 legatos
1722 980 1870 1043 erat
1920 973 2340 1042 Callicrates.
2385 975 2541 1052 Hic,
2592 998 2800 1044 occa—

654 1084 922 1151 sionem
982 1081 1343 1173 amplexus
1402 1081 1683 1170 imperii
1738 1080 2140 1171 cupiditatis
2211 1104 2354 1149 suae
2434 1083 2799 1150 Romano·-

650 1213 811 1258 rum
869 1212 997 1280 ope
1065 1189 1415 1269 satiandae,
1479 1187 1808 1256 Patribus
1862 1187 2078 1255 suasit
2139 1193 2218 1255 ut
2281 1189 2461 1255 inter
2520 1188 2797 1256 Graecos

653 1297 918 1364 amicos
970 1319 1130 1363 suos
1183 1301 1247 1361 et
1291 1294 1615 1362 inimicos
1666 1294 2143 1385 distingueret,
2182 1299 2249 1361 et
2290 1294 2592 1363 inimicis
2647 1317 2791 1362 non

651 1409 981 1494 parceret.
1026 1403 1292 1482 PatreS,
1337 1401 1447 1468 his
1489 1392 1719 1469 verbis
1759 1401 1954 1479 moti,
1999 1401 2486 1469 intellexerunt
2526 1402 2785 1470 multos

649 1511 938 1579 forsitan
974 1532 1121 1576 esse
1152 1510 1330 1576 inter
1362 1507 1663 1586 Graecos,
1702 1509 1821 1599 qui
1857 1506 1941 1574 ad
1977 1507 2321 1575 Romanas
2352 1514 2579 1598 partes
2608 1513 2794 1576 tran-

649 1618 785 1685 sire
812 1618 1212 1708 cogitarent.
1249 1616 1491 1706 Itaque
1523 1614 1609 1681 ad
1631 1615 1930 1684 Achaeos
1953 1615 2403 1706 scripserunt,
2426 1616 2780 1684 hortantes

649 1728 729 1791 ut
761 1723 1135 1813 Spartanos
1170 1722 1440 1789 exsules
1466 1727 1868 1789 revocarent
1890 1722 2253 1789 universos
2282 1729 2344 1788 et
2365 1721 2794 1790 Callicratem

648 1832 718 1897 in
756 1828 1156 1920 exemplum
1202 1834 1657 1896 assumerent.
1705 1827 1840 1899 Ubi
1882 1827 2279 1896 Callicrates
2319 1830 2390 1895 in
2436 1829 2790 1920 Pelopon-

648 1959 900 2005 nesum
931 1958 1254 2003 reversus
1294 1940 1416 2014 est,
1446 1935 1739 2002 Senatus
1779 1935 2026 2002 litteris
2069 1942 2336 2003 metum
2379 1935 2617 2026 populi
2660 1937 2795 2004 Ro·

647 2043 837 2110 mani
895 2041 1220 2110 omnibus
1269 2043 1565 2110 incussit
1605 2047 1695 2125 et,
1756 2042 2069 2110 favorem
2146 2048 2419 2110 tantum
2493 2043 2786 2133 jactanS,

647 2153 905 2241 praetor
958 2156 1231 2217 creatus
1286 2155 1407 2217 est.
1487 2149 1577 2218 Ut
1639 2148 1944 2239 primum
2023 2149 2225 2216 inivit
2283 2150 2786 2240 magistratum,

648 2255 921 2325 exsules
956 2256 1328 2331 revocavit,
1358 2256 1476 2345 qui
1509 2254 1930 2323 beneficium
1951 2255 2124 2324 illud
2150 2260 2793 2324 commemorarunt

644 2363 851 2431 titulo
913 2363 1213 2452 quodam
1281 2363 1541 2429 nostris
1609 2362 2044 2453 temporibus
2104 2362 2448 2454 Olympiae
2508 2364 2785 2431 effosso.

644 2472 855 2539 Putat
878 2469 1215 2560 Polybius
1238 2470 1664 2536 Achaeorum
1685 2468 2194 2560 rempublicam
2216 2476 2368 2537 tum
2392 2471 2462 2536 in
2488 2469 2791 2537 deterius

644 2576 787 2644 labi
821 2576 1132 2665 coepisse.
1175 2575 1403 2663 (Anno
1434 2577 1561 2643 179
1603 2598 1665 2641 a.
1702 2575 1808 2664 C.)
1847 2575 1968 2664 (1).

735 2682 819 2750 In
845 2680 966 2749 illa
998 2681 1597 2749 turbulentissima
1628 2685 2038 2773 tempestate
2067 2681 2655 2773 quemadmodum
2679 2705 2786 2752 res

644 2791 1141 2880 Spartanorum
1221 2794 1449 2855 essent
1491 2788 1608 2854 vix
1639 2779 1954 2879 'cogitari
1990 2793 2238 2879 potest.
2302 2789 2789 2857 Tredecimum

643 2919 931 2972 annum,
975 2895 1168 2987 plebs
1221 2901 1364 2962 erat
1420 2898 1794 2962 extenuata
1839 2900 1904 2961 et
1952 2896 2173 2986 pulsa,
2227 2896 2389 2963 dein
2442 2896 2786 2967 restituta.

644 3004 1014 3071 Civitatem
1044 3003 1405 3069 confusam
1441 3007 1506 3069 et
1537 3002 1686 3069 sine
1719 3001 2014 3092 imperio
2045 3003 2530 3093 trepidantem,
2551 3004 2789 3073 omnia

642 3112 897 3189 soluta,
918 3110 1214 3182 turbata.
1248 3110 1413 3175 satis
1444 3108 1925 3176 demonstrant
1948 3131 2102 3199 quae
2127 3108 2419 3178 Chaeron
2446 3110 2532 3176 ad
2558 3118 2791 3202 tyran-

639 3218 879 3287 nidem
912 3215 1387 3307 occupandam
1435 3222 1757 3307 expertus
1803 3221 1926 3283 est.
1986 3214 2436 3294 Adolescens
2469 3228 2635 3295 erat,
2681 3217 2789 3287 in·-

638 3324 812 3392 fimo
842 3324 996 3391 loco
1028 3330 1247 3400 ortuS,
1289 3345 1414 3390 nec
1447 3321 1832 3389 liberaliter
1866 3322 2223 3401 educatus,
2261 3323 2380 3390 sed
2410 3347 2679 3414 gnavus
2720 3329 2785 3395 et

639 3431 891 3500 solers,
938 3428 1223 3497 Nabidis
1268 3428 1674 3497 institutum
1730 3429 1921 3520 sequi
1981 3430 2360 3498 contendit.
2402 3437 2603 3501 Anno
2654 3434 2780 3500 184

638 3538 727 3607 ad
762 3538 1104 3619 Senatum
1150 3538 1549 3604 Romanum
1605 3535 1854 3603 detulit
1903 3536 2222 3627 querelas
2263 3536 2699 3628 plebeiorum
2742 3562 2786 3608 a

637 3646 1169 3736 Philopoemene
1226 3644 1621 3734 pulsorum.
1683 3643 1899 3711 Fama
1927 3643 2062 3713 hoc
2103 3643 2311 3712 modo
2358 3651 2777 3737 comparata,

637 3751 952 3842 Spartam
982 3773 1362 3842 regressus,
1402 3749 1655 3840 vulgus
1685 3750 1969 3818 turbare
2002 3755 2065 3817 et
2110 3751 2541 3842 populariter
2576 3775 2778 3843 agere

636 3859 871 3949 coepit,
902 3859 1086 3950 apud
1117 3857 1389 3949 plebem
1419 3854 2058 3925 concionabundus.
2105 3858 2345 3926 Nescio
2380 3882 2516 3949 quo
2554 3867 2781 3951 pacto,

634 3987 884 4056 agrum
929 3987 1137 4055 quem
1180 3964 1393 4031 Nabis
1448 3962 1802 4032 sororibus
1852 3984 1930 4031 ac
1978 3964 2399 4056 conjugibus
2449 3967 2770 4035 exsulum

633 4072 1110 4162 matribusque
1152 4094 1227 4139 ac
1260 4070 1500 4139 liberis
1540 4075 2002 4148 concesserat,
2050 4071 2199 4163 ipse
2238 4070 2502 4141 infimis
2544 4073 2779 4143 homi-

695 4312 743 4367 1.
776 4316 988 4375 Pomm„
1019 4311 1204 4373 XXVI,
1236 4327 1359 4362 1-111.
1385 4337 1441 4352 —
1476 4312 1923 4377 Drrrzunnnonss,
1951 4311 2063 4364 213.
