3419 5466
1580 741 1900 802 -96-

674 910 1008 996 tempore,
1041 926 1184 971 non
1220 902 1328 971 sui
1350 903 1528 991 juris
1561 906 1778 979 erant,
1816 900 1935 968 sed
1962 899 2296 991 Spartana
2327 899 2602 966 civitate
2637 921 2807 966 con-

675 1012 1076 1079 tinebantur
1122 1012 1243 1099 (1).

766 1119 871 1186 Ad
903 1141 1274 1195 summam,
1314 1117 1632 1207 Spartani
1677 1115 2063 1184 liberaliter
2094 1121 2160 1182 et
2194 1114 2575 1182 honorifice
2621 1119 2810 1181 trac-

678 1225 799 1292 tati
820 1235 981 1292 sunt
999 1248 1038 1292 a
1055 1224 1405 1309 Romanis,
1427 1224 1671 1291 Strabo
1692 1224 1800 1290 his
1819 1224 2050 1290 verbis
2078 1223 2294 1289 utitur
2319 1243 2333 1288 :
2368 1254 2402 1289 «
2425 1231 2814 1323 Ἐτιμήθησαν

641 1332 1053 1416 -διαφερόντως
1091 1337 1184 1390 καὶ
1234 1335 1452 1412 ἔμειναν
1496 1332 1798 1411 ἐλεύθεροι,
1839 1334 1987 1403 πλὴν
2029 1336 2138 1390 τῶν
2181 1333 2413 1408 φιλικῶν
2457 1333 2809 1413 λειτουργιῶν

677 1440 818 1499 ἄλλο
858 1440 1249 1505 συντελοῦντες
1278 1439 1440 1498 οὐδέν
1489 1461 1524 1497 >>
1572 1430 1695 1518 (2).
1735 1429 2114 1517 Hertzberg
2146 1428 2574 1496 demonstrat
2604 1426 2811 1517 Spar-

677 1543 1006 1605 tanorum
1040 1536 1396 1603 civitatem
1428 1536 1511 1602 ad
1552 1526 1799 1603 ultima
1843 1535 2117 1625 imperii
2159 1535 2452 1601 Romani
2495 1539 2810 1625 tempora

678 1667 1009 1733 magnam
1065 1648 1128 1710 et
1186 1642 1589 1733 opulentam
1642 1642 1883 1725 fuisse,
1933 1664 2184 1732 eosque
2238 1668 2275 1702 «
2328 1642 2721 1711 libertatem
2770 1666 2805 1706 »

681 1774 987 1818 servasse
1024 1756 1217 1839 putat
1249 1750 1469 1816 donec
1506 1748 1931 1817 Theodosius
1965 1749 2028 1816 ΙΙ
2067 1772 2278 1816 unam
2310 1750 2632 1816 omnium
2663 1771 2809 1816 esse

680 1856 1351 1924 administrationem
1383 1857 1705 1924 voluerit.
1746 1856 2089 1939 Ceterum,
2126 1878 2367 1923 revera
2396 1857 2692 1947 liturgiae
2728 1856 2809 1925 de

684 1964 939 2054 quibus
986 1963 1231 2030 Strabo
1265 1963 1580 2053 loquitur
1624 1963 1868 2030 acerba
1906 1962 2167 2030 tributa
2212 1969 2437 2039 erant;
2466 1962 2811 2030 'libertatis

682 2077 913 2137 autem
972 2093 1226 2137 nomen
1268 2071 1340 2137 in
1395 2070 1541 2137 dies
1596 2068 1819 2137 levius
1876 2076 1941 2137 et
1994 2071 2270 2137 inanius
2312 2071 2813 2161 imperatorum

681 2182 989 2268 tempore
1029 2177 1289 2244 factum
1341 2183 1445 2243 est
1491 2177 1613 2264 (3).
1653 2176 1812 2259 Sed,
1868 2199 2086 2266 quum
2138 2199 2369 2244 veram
2419 2177 2811 2245 libertatem

681 2307 823 2351 non
853 2284 1092 2361 habeS,
1122 2284 1460 2351 libertatis
1485 2283 1789 2373 speciem
1821 2283 2219 2373 diligentius
2249 2285 2532 2351 retines·
2572 2286 2808 2375 Itaque

681 2390 870 2481 leges
906 2397 972 2457 et
996 2412 1225 2457 mores
1258 2391 1600 2479 antiquOS,
1645 2390 1763 2480 qui
1791 2389 1968 2456 nihil
1999 2390 2335 2458 momenti
2372 2414 2558 2459 nunc
2590 2390 2815 2458 habe-⁸

681 2495 870 2578 hant,
901 2497 1221 2587 Spartani
1251 2498 1556 2586 gloriose
1588 2502 2139 2565 ostentaverunt.
2172 2497 2290 2564 Eis
2320 2498 2618 2565 honores
2650 2498 2815 2586 pris-

682 2753 996 2789 ·rENBnnena
1029 2737 1145 2802 (sub
1169 2747 1228 2785 n0
1252 2736 1365 2801 240)
1388 2750 1447 2785 ac
1476 2737 1700 2785 Baium)
1732 2741 1835 2801 (op.
1869 2739 1978 2797 cit„
2009 2752 2060 2800 p.
2090 2737 2198 2802 6-8)
2229 2740 2394 2788 editus
2429 2742 2479 2788 et
2522 2742 2811 2799 annotatus,

683 2821 912 2870 continet
936 2819 1239 2867 sententiam
1274 2818 1337 2866 de
1367 2817 1461 2878 hac
1484 2816 1571 2866 lite
1599 2818 1788 2867 factam
1815 2832 1843 2866 a
1866 2818 2104 2879 Milesiis,
2134 2833 2267 2881 quos
2293 2819 2543 2869 Messenii
2584 2821 2635 2869 et
2666 2820 2817 2882 Spar·

682 2902 788 2949 tani
817 2899 1036 2948 arbitros
1066 2899 1347 2958 elegerant.
1381 2897 1589 2957 Milesii,
1612 2898 1863 2947 concione
1892 2900 1945 2946 in
1976 2900 2176 2948 theatro
2200 2900 2350 2959 faeta,
2366 2916 2427 2949 ex
2457 2901 2597 2949 omni
2625 2900 2815 2962 populo

683 2982 955 3029 sexcentos
973 2979 1179 3042 judices
1207 2978 1369 3027 sortiti
1404 2981 1541 3037 sunt,
1568 2979 1653 3040 qui
1684 2978 1961 3028 Messeniis
1976 2979 2115 3028 litem
2132 2980 2569 3041 adjudicaverunt.
2584 2979 2817 3029 Milesios

659 3061 748 3125 ‚ad
780 3060 1170 3122 disceptandum
1207 3061 1412 3108 vocatos
1439 3072 1574 3118 esse,
1606 3058 1800 3108 idcirco
1833 3061 1973 3121 quod
1995 3061 2228 3109 Mummii
2250 3062 2554 3109 sententiam
2576 3061 2816 3122 Spartani

683 3143 1084 3199 recusavissent,
1132 3142 1312 3201 putant
1369 3139 1641 3188 Neubauer
1675 3141 1726 3188 et
1775 3140 2004 3189 Be1·ard.-
2040 3140 2167 3201 Sed,
2213 3143 2270 3189 ut
2307 3142 2375 3188 ait
2434 3140 2814 3201 Dittenberger,

687 3237 715 3265 «
753 3220 1069 3272 Mummium
1103 3219 1314 3268 definite
1362 3219 1658 3268 decrevisse
1692 3222 1750 3268 ut
1783 3220 2170 3269 Messeniorum
2205 3222 2345 3269 esset
2370 3235 2508 3281 ager,
2558 3233 2814 3283 nusquam

681 3320 710 3345 «
745 3301 798 3348 in
820 3300 918 3349 hoc
941 3300 1083 3349 titulo
1114 3301 1334 3360 legitur-3
1362 3300 1501 3361 quod
1534 3300 1799 3348 decretum
1830 3303 2020 3359 tamen,
2044 3301 2087 3348 si
2106 3303 2263 3350 modo
2296 3304 2484 3349 factum
2515 3305 2638 3358 erat,
2675 3301 2816 3350 nullo

687 3402 716 3425 «
746 3381 904 3429 modo
935 3381 1093 3428 taceri
1123 3380 1304 3440 potuit.
1332 3379 1443 3428 Imo
1476 3379 1762 3428 Mummius
1793 3382 2034 3430 statuisse
2066 3381 2270 3430 videtur
2317 3384 2371 3429 ut
2418 3383 2623 3441 utrique
2669 3385 2816 3430 tene-

687 3478 715 3506 «
749 3465 863 3510 rent
887 3461 1026 3523 quod
1049 3462 1156 3508 tum
1186 3460 1489 3508 habuissent
1512 3474 1672 3522 quum
1696 3461 1809 3523 ipse
1835 3461 1887 3508 in
1917 3460 2172 3510 Graeciam
2194 3462 2502 3522 perveniret.
2530 3462 2607 3510 Ex
2635 3462 2731 3509 hac
2759 3475 2816 3511 re

684 3557 708 3589 (ι
744 3542 808 3589 lis
834 3544 944 3590 orta
967 3543 1061 3597 est,
1078 3540 1195 3599 quia
1215 3540 1415 3598 utrique
1436 3554 1491 3588 se
1515 3543 1623 3588 tum
1648 3542 1896 3601 temporis
1917 3542 1970 3588 in
1988 3542 2319 3601 possessione
2341 3541 2497 3590 fuisse
2514 3542 2772 3591 dicebant.
2788 3560 2817 3587 »

684 3620 775 3671 Sic
805 3635 1018 3683 prorsus
1050 3620 1405 3679 intelligimus,
1432 3619 1643 3669 Tacitus
1662 3634 1835 3669 errare
1877 3623 2072 3682 potuit3
2116 3622 2425 3670 Mummium
2474 3636 2593 3671 vero
2642 3625 2820 3672 contra

684 3704 984 3765 Spartanos,
1017 3701 1376 3749 Romanorum
1400 3700 1618 3760 amicos,
1647 3702 1954 3749 sententiam
1983 3703 2153 3764 ipsum
2184 3702 2377 3751 dixisse
2401 3716 2507 3750 non
2540 3702 2817 3752 verisimile

683 3785 781 3832 est.
811 3810 874 3818 -—
904 3782 1221 3831 Milesiorum
1247 3780 1457 3829 arbitrio
1478 3780 1543 3827 lis
1573 3780 1827 3842 dirempta
1847 3779 2108 3843 suitpaulo
2137 3785 2255 3842 post
2277 3783 2571 3832 Corinthum
2598 3785 2818 3843 captam,

685 3862 899 3912 fortasse
924 3875 1059 3909 anno
1089 3862 1177 3911 145
1200 3863 1434 3909 exeunte.
1460 3859 1535 3910 Cf.
1558 3860 1986 3918 DITTENBERGER,
2018 3861 2115 3910 sub
2148 3871 2204 3909 n⁰
2228 3860 2336 3918 240,
2363 3876 2413 3914 ν.
2444 3861 2603 3921 43-46,
2636 3868 2686 3912 et
2719 3861 2818 3911 sub

684 3943 819 3992 notis
842 3942 938 3990 5·6.

747 4022 793 4071 1.
825 4025 1080 4080 Pansam,
1106 4020 1195 4080 ΙΙΙ,
1228 4035 1332 4080 xxi,
1361 4020 1411 4071 7.

744 4102 791 4151 2.
825 4102 1043 4161 Sir-Ae„
1070 4101 1210 4160 VIII,
1238 4117 1290 4159 v,
1321 4101 1368 4149 5.
1402 4099 1476 4149 Cf.
1511 4100 1601 4160 IX,
1631 4116 1685 4160 11,
1722 4100 1801 4150 39.
2612 4125 2624 4142 ι

743 4182 792 4232 3.
825 4183 1168 4243 HERTZBERG,
1204 4181 1242 4240 I,
1274 4180 1386 4240 472,
1417 4180 1542 4240 4803
1572 4181 1635 4241 II,
1673 4181 1782 4243 131,
1814 4180 1925 4243 223,
1959 4181 2070 4243 384,
2101 4182 2288 4232 453.-
2316 4185 2584 4247 ΡουοΑΒΤ,
2619 4202 2669 4249 p.
2705 4186 2816 4245 111,

684 4263 794 4313 120.
824 4290 887 4300 —-
909 4265 1111 4323 Eeona,
1145 4262 1345 4311 Traites
1365 4260 1589 4324 publics,
1614 4275 1665 4324 p.
1690 4260 1917 4312 206·208.
1941 4288 2001 4299 -
2041 4263 2340 4323 Momusssn,
2372 4280 2454 4329 op.
2481 4269 2592 4327 cit„
2639 4282 2689 4329 p.
2723 4267 2818 4317 240

682 4346 734 4394 et
760 4356 874 4407 seq.
