3419 5466
1561 756 1886 815 -48-

656 952 691 990 «
712 928 1058 1015 τυραννίδος.
1079 926 1360 1009 Διέφθειρε
1377 929 1483 1010 γὰρ
1504 928 1637 992 τοὺς
1653 925 1891 992 λοιποὺς
1910 923 2087 1008 ἄρδην
2112 927 2176 984 ἐκ
2196 930 2307 997 τῆς
2331 927 2640 1009 Σπάρτης»
2663 917 2789 1011 (1),

654 1028 1019 1120 optimates
1052 1024 1135 1091 ab
1178 1024 1528 1113 Antigono
1566 1023 1928 1090 restitutos
1971 1021 2218 1088 afflixit
2251 1027 2316 1089 et
2351 1045 2567 1091 novas
2605 1047 2716 1092 res
2754 1048 2795 1093 a

654 1135 1025 1204 Cleomene
1053 1132 1266 1197 factas
1297 1130 1559 1196 refecit.
1589 1128 1850 1219 Opibus
1875 1151 2033 1197 vero
2063 1128 2157 1196 ita
2184 1131 2598 1219 comparatis
2622 1155 2792 1200 usus

657 1248 758 1310 est
797 1240 881 1307 ad
925 1238 1299 1329 imperium
1338 1237 1838 1326 Spartanorum
1881 1237 2408 1304 restaurandum
2455 1244 2523 1304 et
2569 1243 2792 1327 potes-

655 1349 816 1416 tatis
850 1369 994 1414 suae
1024 1367 1301 1412 manere
1337 1343 1721 1410 contendit.

747 1454 1003 1522 Omnes
1028 1452 1401 1543 Spartanos
1420 1451 1538 1541 qui
1563 1451 1625 1516 ei
1648 1448 1964 1517 aemulari
1991 1450 2099 1517 vel
2116 1449 2448 1517 obsistere
2476 1457 2786 1542 poterant

653 1586 689 1630 e
716 1562 946 1629 medio
981 1560 1430 1626 inclementer
1460 1557 1771 1624 sustulit.
1804 1556 2162 1647 Pelopem,
2198 1557 2496 1648 Lycurgi
2534 1558 2781 1643 filium,

653 1675 722 1737 et
751 1672 949 1736 aetate
975 1665 1351 1732 admodum
1383 1686 1704 1749 puerum,
1722 1664 1807 1730 ad
1841 1668 2135 1731 mortem
2162 1662 2376 1745 dedit,
2396 1687 2479 1731 ne
2508 1665 2788 1755 quando

652 1773 1194 1843 adolescentiam
1225 1771 1584 1860 ingressus
1612 1771 1889 1859 generis
1936 1770 2045 1837 sui
2078 1771 2509 1838 meminisset
2534 1774 2654 1862 (2).
2682 1775 2786 1840 Ex

653 1883 754 1950 eis
807 1881 925 1972 qui
985 1880 1229 1947 divites
1290 1884 1408 1945 aut
1464 1876 1739 1945 nobiles
1797 1886 2014 1957 erant,
2059 1877 2232 1945 alios
2284 1879 2784 1948 Lacedaemone

652 2011 932 2058 manere
959 2009 1204 2077 passus
1235 1992 1335 2052 est
1360 1996 1435 2052 ut
1463 1985 1545 2052 ab
1579 1986 1678 2051 eis
1709 1985 2079 2075 pecuniam
2111 1993 2522 2075 extorquere
2556 1984 2787 2077 posset

651 2117 777 2187 pro
834 2094 933 2161 rei
986 2092 1424 2173 necessitate,
1471 2090 1670 2168 alios,
1714 2091 1964 2160 noxios
2005 2093 2227 2181 magis
2274 2102 2339 2159 et
2395 2093 2784 2161 inutiliores

652 2202 955 2279 habitos,
975 2200 1322 2266 interfecit
1347 2199 1457 2265 vel
1481 2198 1745 2289 expulit
1772 2206 1838 2266 et
1866 2200 1940 2266 in
1964 2199 2133 2289 ipsis
2158 2199 2332 2267 locis
2362 2201 2433 2266 in
2454 2223 2788 2289 quaecon-

651 2310 976 2399 fugerant
1008 2307 1358 2374 interdum
1391 2306 1687 2386 necavit,
1719 2311 1797 2373 ut
1827 2306 2302 2374 sollicitudine
2335 2330 2404 2374 se
2438 2307 2780 2375 liberaret.

654 2418 972 2486 Ceterum
992 2413 1075 2481 ab
1091 2412 1413 2481 exsulum
1438 2418 1505 2480 et
1526 2414 2075 2504 proscriptorum
2101 2415 2514 2504 propinquis
2538 2437 2786 2482 manus

652 2522 1009 2598 abstinuit,
1033 2529 1098 2588 et
1127 2543 1364 2588 eorum
1397 2542 1963 2599 sororeS,uxores
1984 2528 2050 2587 et
2073 2519 2329 2587 liberos
2359 2523 2541 2611 agris
2572 2521 2786 2589 dona-

650 2629 773 2711 vit.
812 2627 1273 2695 Solitudinem
1297 2627 1484 2693 enim
1513 2626 1585 2693 in
1612 2627 1892 2694 civitate
1919 2628 2140 2695 facere
2174 2628 2426 2708 noluit,
2455 2635 2523 2694 at
2545 2634 2785 2694 contra

651 2731 968 2803 afihibuit
1037 2756 1277 2801 curam
1345 2743 1421 2800 ut
1495 2733 1935 2824 frequentius
2010 2735 2471 2804 habitaretur.
2546 2735 2786 2803 Multis

558 2869 563 2872 ’
650 2842 919 2912 civibus
945 2841 1020 2908 in
1046 2840 1392 2931 prioribus
1423 2840 1628 2907 bellis
1655 2841 1905 2908 occisis
1930 2842 2039 2909 vel
2064 2842 2147 2909 ab
2173 2842 2323 2932 ipso
2347 2842 2782 2933 proscriptiS,

648 2973 792 3018 non
844 2948 1075 3017 solum
1130 2970 1458 3036 magnam
1512 2948 2040 3016 multitudinem
2091 2972 2451 3017 servorum
2504 2950 2600 3037 (id
2656 2958 2780 3032 est,

649 3080 806 3125 mea
833 3056 1198 3136 sententia,
1226 3055 1575 3144 ilotarum)
1604 3054 1942 3140 liberavit,
1970 3056 2088 3123 sed
2114 3079 2353 3124 omnes
2383 3058 2786 3147 peregrinos

650 3166 770 3257 qui
803 3166 877 3230 in
907 3163 1129 3254 patria
1162 3186 1288 3229 sua
1318 3163 1550 3230 vivere
1580 3185 1722 3230 non
1761 3167 2100 3252 poterant,
2139 3163 2447 3254 undique
2481 3166 2779 3242 vocavit,

652 3276 720 3339 et
744 3272 842 3338 eis
867 3270 1219 3338 civitatem
1242 3276 1359 3335 aut
1380 3269 1708 3362 pleraque
1733 3269 1991 3337 civium
2015 3272 2176 3361 jura
2204 3271 2508 3348 donavit,
2532 3294 2786 3338 uxores

651 3377 968 3468 filiasque
1028 3375 1349 3444 exsulum
1403 3400 1480 3443 ac
1531 3377 2082 3468 proscriptorum
2139 3378 2211 3443 in
2260 3378 2783 3446 matrimonium
2833 3374 2840 3380 ’

650 3484 1040 3554 collocavit.
1078 3483 1397 3550 Profecto
1439 3484 1723 3573 quidem
1765 3485 2001 3552 omnia
2030 3484 2214 3552 bona
2253 3485 2328 3551 in
2369 3486 2680 3552 medium
2710 3491 2787 3551 ut

651 3592 1058 3661 Cleomenes
1092 3612 1235 3657 non
1268 3591 1583 3668 contulit,
1618 3613 1835 3681 quum
1874 3592 2370 3659 Lacedaemone
2406 3592 2785 3659 manserint

649 3698 914 3789 aliquot
970 3698 1102 3766 viri
1156 3697 1434 3765 ditiores
1486 3697 1733 3764 ceteris
1760 3723 1775 3772 ;
1837 3698 1953 3766 sed
2006 3698 2437 3789 principibus
2486 3699 2786 3789 partium

651 3828 936 3874 suarum
991 3816 1057 3872 et
1110 3803 1569 3894 adscripticiis
1623 3805 1984 3894 egentibus
2039 3829 2243 3896 agros
2295 3829 2551 3873 vacuos
2607 3807 2788 3873 assi-

651 3914 891 4003 gnavit
925 3914 1044 4002 (3).
1085 3915 1183 3979 Ea
1218 3913 1510 3989 ratione,
1548 3913 1666 4002 qui
1712 3912 1840 3979 sub
1880 3912 2171 3979 Nabidis
2219 3935 2433 4002 regno
2474 3914 2781 3994 fuerunt,

712 4117 759 4166 1.
786 4118 1002 4174 Poma„
1035 4115 1174 4177 XIII,
1207 4132 1278 4176 v1,
1306 4117 1403 4165 2·3.

648 4243 657 4250 .
711 4198 760 4247 2.
787 4198 1027 4257 D1ooon.,
1059 4197 1271 4255 XXVII,
1306 4197 1351 4245 1.

712 4277 760 4328 3.
797 4278 1014 4344 Pomm„
1047 4276 1184 4336 XIII,
1209 4292 1286 4336 v1;
1337 4276 1479 4337 XVI,
1511 4292 1617 4337 xm,
1673 4277 1794 4336 1-23
1828 4277 1995 4337 XXV,
2041 4294 2147 4339 vm,
2178 4279 2226 4329 3.
2270 4306 2334 4315 —
2375 4278 2509 4338 L1v.‚
2547 4279 2786 4339 XXXIV,

651 4357 834 4421 31,36;
866 4357 1150 4417 XXXVIII,
1182 4357 1261 4407 34.
1292 4358 1615 4420 —D1onon.,
1643 4351 1859 4418 XXVII,
1883 4359 1928 4408 1.
1951 4385 2014 4395 —
2040 4359 2289 4423 Polybius
2324 4374 2428 4409 non
2463 4363 2634 4423 aperte
2665 4361 2787 4410 dicit
