3419 5466
1562 750 1880 811 ...80-

739 910 1187 1003 Adscripticii
1227 911 1441 1002 igitur
1488 908 1572 978 ab
1621 910 1871 979 exsilio
1930 910 2354 978 rediverunt.
2414 910 2784 979 Nescimus

649 1020 819 1112 quid
871 1020 1034 1087 facti
1077 1020 1214 1086 sint
1254 1018 1360 1085 illi
1407 1018 1525 1109 qui
1565 1023 1794 1085 essent
1845 1018 2132 1087 venditi.
2192 1020 2284 1084 At
2336 1017 2784 1086 manifestum

649 1132 752 1196 est
776 1149 814 1192 «
846 1130 1114 1194 veteres
1144 1123 1419 1193 exsules
1446 1148 1482 1190 >
1516 1127 1668 1191 tum
1698 1125 2033 1215 temporis
2067 1148 2306 1192 rursus
2338 1125 2577 1215 pulsos
2611 1148 2779 1194 esse.

648 1233 859 1301 Plebs
930 1256 1009 1301 eo
1064 1231 1357 1299 alacrior
1415 1231 1789 1298 exsultavit
1852 1232 2037 1321 quod
2089 1231 2295 1322 paulo
2353 1242 2509 1322 post
2538 1231 2787 1300 Philo-

646 1363 926 1432 poemen
955 1363 993 1407 a
1025 1339 1381 1408 Messeniis
1411 1337 1745 1404 adversus
1773 1339 2070 1407 Achaeos
2109 1340 2404 1406 turbatis
2445 1345 2683 1430 captus
2716 1346 2783 1406 et

649 1448 925 1516 occisus
944 1452 1043 1515 est
1062 1473 1076 1523 ;
1105 1457 1255 1513 tum
1273 1445 1666 1537 petulanter
1690 1445 1961 1513 invecta
1985 1451 2084 1512 est
2112 1447 2182 1512 in
2205 1446 2520 1514 Achaeos.
2551 1446 2781 1528 Quum

648 1554 891 1622 Achaei
920 1553 1298 1623 Messenios
1340 1550 1891 1643 Philopoemenis
1947 1553 2290 1621 interfecti
2341 1556 2656 1620 auctores
2712 1554 2783 1619 in

650 1661 978 1729 exsilium
1015 1658 1474 1751 pepulissent,
1506 1658 1825 1748 Spartani
1849 1659 2209 1727 exsulibus
2241 1659 2384 1726 illis
2417 1666 2788 1727 suaserunt

645 1774 727 1837 ut
784 1769 1241 1857 confugerent
1299 1765 1384 1832 ad
1439 1765 1775 1833 Senatum
1834 1767 2251 1845 Romanum,
2313 1767 2477 1844 imo,
2559 1766 2783 1856 Appio

649 1875 936 1944 Claudio
964 1876 1276 1964 juvante,
1314 1896 1354 1941 a
1382 1872 1707 1939 Patribus
1746 1873 2295 1963 impetraverunt
2327 1873 2783 1942 scelestorum

648 1982 952 2049 reditum
986 1983 1109 2068 (1).

738 2088 842 2156 Ita
881 2087 1097 2178 plebS,
1157 2093 1237 2155 ut
1293 2091 1755 2177 tyrannorum
1812 2090 2147 2178 tempore,
2183 2086 2478 2154 valebat.
2533 2087 2667 2155 Sed
2721 2087 2784 2154 ei

649 2195 861 2263 duces
895 2195 1200 2272 deerant,
1229 2199 1294 2261 et
1317 2195 1822 2284 Spartanorum
1851 2194 2135 2261 fortuna
2159 2196 2304 2284 jam
2330 2217 2413 2261 ex
2452 2194 2784 2261 Romanis

646 2306 792 2370 tota
822 2302 1187 2394 pendebat.
1228 2302 1516 2368 Veteres
1549 2299 1824 2369 exsules
1851 2323 2126 2368 necnon
2165 2302 2530 2392 optimates
2558 2286 2677 2393 qui
2711 2302 2784 2368 in

646 2410 819 2478 urbe
850 2409 1248 2491 manebant,
1283 2430 1498 2498 quum
1531 2408 1603 2474 in
1642 2408 1979 2475 Romanis
2022 2430 2219 2498 spem
2269 2407 2510 2475 salutis
2564 2431 2784 2499 pcne-

647 2529 829 2594 rent,
879 2517 1183 2607 primum
1229 2538 1267 2582 a
1303 2513 1731 2592 FlamininO,
1778 2515 1894 2605 qui
1946 2514 2283 2582 Graeciam
2335 2519 2491 2581 ante
2546 2514 2784 2582 Philo-

646 2644 1040 2715 poemenem
1085 2629 1442 2688 mortuum
1494 2621 1839 2699 transivit,
1882 2621 2021 2696 sed,
2059 2620 2255 2688 nullo
2315 2621 2639 2689 mandato
2699 2621 2784 2689 de

646 2731 757 2798 his
790 2729 997 2797 rebus
1029 2729 1341 2796 aSenatu
1372 2730 1678 2818 accepto,
1707 2727 2087 2819 quidquam
2109 2733 2373 2797 tentare
2399 2752 2543 2797 non
2570 2752 2779 2797 ausus

650 2844 774 2920 est,
821 2836 1069 2905 deinde
1113 2859 1152 2902 a
1184 2835 1509 2902 Patribus
1564 2836 1907 2904 auxilium
1957 2838 2376 2928 petiverunt,
2420 2840 2565 2929 qui,
2630 2860 2783 2905 cer-

646 2946 855 3013 tiores
880 2944 1041 3011 facti
1065 2943 1355 3011 Achaeos
1375 2949 1614 3010 contra
1633 2945 2027 3012 Romanum
2049 2968 2195 3026 esse
2211 2929 2562 3027 accenSOS,
2587 2967 2782 3013 occa-

646 3053 917 3119 sionem
945 3073 1187 3119 eorum
1214 3050 1696 3118 terrendorum
1721 3052 2188 3142 arripuerunt.
2214 3053 2574 3143 Legationi
2594 3052 2782 3119 enim

643 3159 1062 3249 optimatum
1097 3156 1602 3247 responderunt
1629 3156 1699 3224 id
1729 3159 2095 3247 negotium
2140 3158 2224 3225 ad
2266 3182 2335 3226 se
2385 3182 2528 3226 non
2578 3159 2784 3250 perti-

643 3285 846 3345 nere3
879 3264 1047 3355 quid
1088 3267 1236 3331 haec
1283 3263 1611 3354 perplexa
1652 3264 1861 3331 verba
1907 3266 2380 3355 significarent
2430 3267 2782 3357 patefece-

644 3376 835 3453 runt,
895 3393 1111 3461 quum
1162 3370 1404 3460 legatis
1473 3370 1555 3436 ab
1617 3371 1899 3439 thaeis
1957 3373 2192 3439 missis
2251 3374 2773 3450 nuntiaverunt,

640 3654 729 3690 ros
761 3639 938 3703 capitis
961 3637 1163 3701 judicia
1192 3637 1411 3697 deferre,
1437 3636 1665 3686 arbitrio
1694 3640 1953 3699 utebatur,
1976 3653 2030 3689 re
2044 3641 2249 3703 jamdiu
2275 3642 2326 3689 in
2347 3644 2644 3692 Graecorum
2666 3656 2778 3692 mo-

637 3720 780 3770 ribus
810 3718 997 3781 posita.
1031 3718 1107 3769 Cr.
1133 3717 1336 3767 Vlc'ron
1361 3720 1596 3777 Bnnaan,
1631 3733 1716 3781 op.
1768 3719 1858 3768 cit.
1908 3719 2200 3769 Historicus
2244 3722 2330 3770 ille
2380 3723 2511 3771 bene
2556 3725 2784 3773 ostendit

641 3800 932 3860 Romanos,
962 3812 1108 3847 suam
1133 3812 1252 3858 erga
1285 3797 1499 3847 Graecos
1528 3798 1939 3848 benevolentiam
1964 3813 2072 3862 prae
2099 3815 2155 3850 se
2190 3801 2429 3860 ferentes»,
2472 3804 2522 3852 et
2560 3803 2783 3853 arbitros

638 3882 775 3930 inter
801 3880 1033 3929 civitates
1064 3893 1119 3927 se
1147 3882 1512 3942 proponentes,
1541 3880 1782 3929 decidere
1813 3894 1918 3929 non
1947 3885 2051 3929 tam
2082 3881 2292 3932 arbitrio
2329 3897 2482 3946 quam
2521 3885 2780 3943 potentia:

643 3979 672 4007 α
703 3960 820 4009 Non
852 3959 1066 4009 arbitrio
1095 3959 1229 4008 inter
1260 3959 1493 4008 civitates
1539 3960 1617 4008 usi
1666 3963 1787 4009 sunt
1825 3961 2050 4010 Romani
2090 3963 2393 4025 priusquam
2444 3964 2684 4027 Pyrrhus
2727 3965 2781 4013 in

640 4062 668 4086 «
701 4040 904 4093 Italiam
927 4040 1146 4089 venerit.
1181 4039 1340 4101 Cujus
1372 4039 1645 4089 arbitrium
1676 4042 1998 4103 repulerunt.
2024 4043 2094 4091 At
2121 4047 2318 4103 postea,
2354 4047 2652 4095 Graecorum
2678 4060 2784 4096 mo·

640 4142 671 4168 α
703 4120 852 4170 ribus
880 4121 988 4183 jam
1012 4120 1302 4177 assuefacti,
1337 4120 1457 4169 huic
1490 4121 1701 4170 novltati
1724 4122 1911 4181 favere,
1955 4127 2228 4185 postquam
2281 4125 2501 4186 experiri
2543 4130 2785 4189 poterant

642 4221 669 4248 κ
704 4204 952 4264 quantum
977 4199 1169 4248 valeret
1205 4200 1268 4248 ad
1300 4199 1586 4250 hellenicas
1615 4216 1702 4251 res
1732 4201 2107 4263 perturbandas
2147 4204 2507 4268 Graeciamque
2536 4207 2782 4269 subigen-

640 4303 668 4328 α
704 4283 824 4332 dam
857 4299 887 4324 »
916 4280 996 4344 (P.
1031 4278 1271 4341 109-110).

705 4366 750 4415 1.
782 4364 1001 4423 Pomm„
1028 4359 1218 4421 XXIV,
1250 4375 1301 4421 v,
1325 4360 1404 4412 18.
1430 4389 1493 4399 —
1519 4362 1659 4426 L1v.‚
1680 4363 1927 4423 XXXIX,
1957 4364 2116 4415 49-50.
2134 4392 2192 4404 -
2216 4367 2479 4427 qusqu
2503 4366 2612 4426 VII,
2644 4382 2711 4427 lx,
2739 4368 2792 4418 6.
