<?xml version="1.0" encoding="UTF-8"?>
<!DOCTYPE html PUBLIC "-//W3C//DTD XHTML 1.0 Transitional//EN"
    "http://www.w3.org/TR/xhtml1/DTD/xhtml1-transitional.dtd">
<html xmlns="http://www.w3.org/1999/xhtml" xml:lang="en" lang="en">
 <head>
  <title>
</title>
<meta http-equiv="Content-Type" content="text/html;charset=utf-8" />
  <meta name='ocr-system' content='tesseract 3.04.00' />
  <meta name='ocr-capabilities' content='ocr_page ocr_carea ocr_par ocr_line ocrx_word'/>
</head>
<body>
  <div class='ocr_page' id='page_1' title='image "./delacedaemonior00petigoog_0085.png"; bbox 0 0 3419 5466; ppageno 0'>
   <div class='ocr_carea' id='block_1_1' title="bbox 1506 1439 1977 1515">
    <p class='ocr_par' dir='ltr' id='par_1_1' title="bbox 1506 1439 1977 1515">
     <span class='ocr_line' id='line_1_1' title="bbox 1506 1439 1977 1515; baseline 0.006 -3"><span class='ocrx_word' id='word_1_1' title='bbox 1506 1439 1807 1514; x_wconf 89' lang='lat' dir='ltr'><strong>CAPUT</strong></span> <span class='ocrx_word' id='word_1_2' title='bbox 1883 1442 1977 1515; x_wconf 94' lang='lat' dir='ltr'><em>IV</em></span> 
     </span>
    </p>
   </div>
   <div class='ocr_carea' id='block_1_2' title="bbox 1596 1834 1878 1881">
    <p class='ocr_par' dir='ltr' id='par_1_2' title="bbox 1596 1834 1878 1881">
     <span class='ocr_line' id='line_1_2' title="bbox 1596 1834 1878 1881; baseline 0.004 -2"><span class='ocrx_word' id='word_1_3' title='bbox 1596 1834 1878 1881; x_wconf 82' lang='lat' dir='ltr'>EPITOME</span> 
     </span>
    </p>
   </div>
   <div class='ocr_carea' id='block_1_3' title="bbox 657 2007 2811 2743">
    <p class='ocr_par' dir='ltr' id='par_1_3' title="bbox 668 2007 2811 2636">
     <span class='ocr_line' id='line_1_3' title="bbox 668 2007 2806 2103; baseline 0.001 -26"><span class='ocrx_word' id='word_1_4' title='bbox 668 2009 1140 2100; x_wconf 73' lang='lat' dir='ltr'><em>Philopoemen</em></span> <span class='ocrx_word' id='word_1_5' title='bbox 1196 2007 1477 2076; x_wconf 81' lang='lat' dir='ltr'><em>coneilio</em></span> <span class='ocrx_word' id='word_1_6' title='bbox 1553 2010 1960 2078; x_wconf 76' lang='lat' dir='ltr'><em>Aelzaeorum</em></span> <span class='ocrx_word' id='word_1_7' title='bbox 2032 2011 2383 2087; x_wconf 82' lang='lat' dir='ltr'><em>communi</em></span> <span class='ocrx_word' id='word_1_8' title='bbox 2433 2014 2806 2103; x_wconf 81' lang='lat' dir='ltr'><em>Spartanos</em></span> 
     </span>
     <span class='ocr_line' id='line_1_4' title="bbox 758 2115 2811 2210; baseline 0.002 -28"><span class='ocrx_word' id='word_1_9' title='bbox 758 2116 1014 2184; x_wconf 90' lang='lat' dir='ltr'><em>inserit.</em></span> <span class='ocrx_word' id='word_1_10' title='bbox 1079 2115 1412 2205; x_wconf 88' lang='lat' dir='ltr'><em>Spartani</em></span> <span class='ocrx_word' id='word_1_11' title='bbox 1465 2119 1645 2182; x_wconf 86' lang='lat' dir='ltr'><em>inter</em></span> <span class='ocrx_word' id='word_1_12' title='bbox 1726 2138 1793 2183; x_wconf 87' lang='lat' dir='ltr'><em>se</em></span> <span class='ocrx_word' id='word_1_13' title='bbox 1875 2117 2336 2208; x_wconf 76' lang='lat' dir='ltr'><em>discrepantes</em></span> <span class='ocrx_word' id='word_1_14' title='bbox 2394 2119 2811 2210; x_wconf 73' lang='lat' dir='ltr'><em>eonfuqiunt</em></span> 
     </span>
     <span class='ocr_line' id='line_1_5' title="bbox 759 2223 2810 2316; baseline 0.001 -25"><span class='ocrx_word' id='word_1_15' title='bbox 759 2245 987 2291; x_wconf 92' lang='lat' dir='ltr'><em>omnes</em></span> <span class='ocrx_word' id='word_1_16' title='bbox 1017 2223 1113 2289; x_wconf 87' lang='lat' dir='ltr'><em>ad</em></span> <span class='ocrx_word' id='word_1_17' title='bbox 1135 2226 1492 2305; x_wconf 73' lang='lat' dir='ltr'><em>RomanOS,</em></span> <span class='ocrx_word' id='word_1_18' title='bbox 1529 2223 1656 2314; x_wconf 76' lang='lat' dir='ltr'><em>qui</em></span> <span class='ocrx_word' id='word_1_19' title='bbox 1705 2237 1772 2290; x_wconf 88' lang='lat' dir='ltr'><em>et</em></span> <span class='ocrx_word' id='word_1_20' title='bbox 1791 2224 2090 2316; x_wconf 85' lang='lat' dir='ltr'><em>plebeios</em></span> <span class='ocrx_word' id='word_1_21' title='bbox 2120 2249 2163 2292; x_wconf 94' lang='lat' dir='ltr'><em>a</em></span> <span class='ocrx_word' id='word_1_22' title='bbox 2192 2226 2710 2316; x_wconf 67' lang='lat' dir='ltr'><em>Philopoemene</em></span> <span class='ocrx_word' id='word_1_23' title='bbox 2736 2227 2810 2294; x_wconf 93' lang='lat' dir='ltr'><em>in</em></span> 
     </span>
     <span class='ocr_line' id='line_1_6' title="bbox 752 2329 2799 2423; baseline 0.002 -26"><span class='ocrx_word' id='word_1_24' title='bbox 752 2329 1068 2397; x_wconf 74' lang='lat' dir='ltr'><em>exsilium</em></span> <span class='ocrx_word' id='word_1_25' title='bbox 1100 2332 1345 2418; x_wconf 83' lang='lat' dir='ltr'><em>ejectos</em></span> <span class='ocrx_word' id='word_1_26' title='bbox 1370 2341 1442 2403; x_wconf 70' lang='lat' dir='ltr'><em>et,</em></span> <span class='ocrx_word' id='word_1_27' title='bbox 1464 2331 1826 2420; x_wconf 78' lang='lat' dir='ltr'><em>optimates</em></span> <span class='ocrx_word' id='word_1_28' title='bbox 1858 2355 1901 2399; x_wconf 92' lang='lat' dir='ltr'><em>a</em></span> <span class='ocrx_word' id='word_1_29' title='bbox 1926 2331 2125 2423; x_wconf 85' lang='lat' dir='ltr'><em>plebe</em></span> <span class='ocrx_word' id='word_1_30' title='bbox 2148 2333 2383 2423; x_wconf 81' lang='lat' dir='ltr'><em>pulsos</em></span> <span class='ocrx_word' id='word_1_31' title='bbox 2410 2334 2799 2402; x_wconf 82' lang='lat' dir='ltr'><em>restituunt.</em></span> 
     </span>
     <span class='ocr_line' id='line_1_7' title="bbox 760 2437 2803 2529; baseline 0 -24"><span class='ocrx_word' id='word_1_32' title='bbox 760 2438 1073 2527; x_wconf 74' lang='lat' dir='ltr'><em>Gonfasae</em></span> <span class='ocrx_word' id='word_1_33' title='bbox 1095 2459 1198 2503; x_wconf 88' lang='lat' dir='ltr'><em>res</em></span> <span class='ocrx_word' id='word_1_34' title='bbox 1228 2437 1739 2525; x_wconf 79' lang='lat' dir='ltr'><em>Spartanorum</em></span> <span class='ocrx_word' id='word_1_35' title='bbox 1765 2460 1795 2523; x_wconf 89' lang='lat'><em>;</em></span> <span class='ocrx_word' id='word_1_36' title='bbox 1835 2438 2115 2507; x_wconf 75' lang='lat' dir='ltr'><em>Ghaeron</em></span> <span class='ocrx_word' id='word_1_37' title='bbox 2143 2439 2385 2529; x_wconf 73' lang='lat' dir='ltr'><em>vulqus</em></span> <span class='ocrx_word' id='word_1_38' title='bbox 2417 2442 2669 2519; x_wconf 79' lang='lat' dir='ltr'><em>turbat.</em></span> <span class='ocrx_word' id='word_1_39' title='bbox 2711 2442 2803 2508; x_wconf 84' lang='lat' dir='ltr'><em>At</em></span> 
     </span>
     <span class='ocr_line' id='line_1_8' title="bbox 756 2543 2804 2636; baseline 0.003 -26"><span class='ocrx_word' id='word_1_40' title='bbox 756 2544 935 2611; x_wconf 85' lang='lat' dir='ltr'><em>inter</em></span> <span class='ocrx_word' id='word_1_41' title='bbox 996 2544 1381 2610; x_wconf 73' lang='lat' dir='ltr'><em>Graecorum</em></span> <span class='ocrx_word' id='word_1_42' title='bbox 1438 2543 1744 2612; x_wconf 74' lang='lat' dir='ltr'><em>civitates</em></span> <span class='ocrx_word' id='word_1_43' title='bbox 1801 2545 2126 2613; x_wconf 71' lang='lat' dir='ltr'><em>maximis</em></span> <span class='ocrx_word' id='word_1_44' title='bbox 2172 2546 2372 2615; x_wconf 89' lang='lat' dir='ltr'><em>malis</em></span> <span class='ocrx_word' id='word_1_45' title='bbox 2425 2568 2804 2636; x_wconf 85' lang='lat' dir='ltr'><em>oppressas,</em></span> 
     </span>
    </p>

    <p class='ocr_par' dir='ltr' id='par_1_4' title="bbox 657 2649 1607 2743">
     <span class='ocr_line' id='line_1_9' title="bbox 657 2649 1607 2743; baseline -0.002 -24"><span class='ocrx_word' id='word_1_46' title='bbox 657 2668 658 2671; x_wconf 75' lang='grc'>’</span> <span class='ocrx_word' id='word_1_47' title='bbox 757 2653 1013 2743; x_wconf 87' lang='lat' dir='ltr'><em>Sparta</em></span> <span class='ocrx_word' id='word_1_48' title='bbox 1043 2649 1272 2718; x_wconf 79' lang='lat' dir='ltr'><em>minus</em></span> <span class='ocrx_word' id='word_1_49' title='bbox 1300 2663 1607 2742; x_wconf 76' lang='lat' dir='ltr'><em>aeqrotat.</em></span> 
     </span>
    </p>
   </div>
   <div class='ocr_carea' id='block_1_4' title="bbox 662 2890 2807 4051">
    <p class='ocr_par' dir='ltr' id='par_1_5' title="bbox 662 2890 2807 4051">
     <span class='ocr_line' id='line_1_10' title="bbox 753 2890 2806 2976; baseline 0.002 -17"><span class='ocrx_word' id='word_1_50' title='bbox 753 2892 992 2974; x_wconf 87' lang='lat' dir='ltr'><em>AEtoli,</em></span> <span class='ocrx_word' id='word_1_51' title='bbox 1027 2890 1298 2960; x_wconf 82' lang='lat' dir='ltr'><em>Nabide</em></span> <span class='ocrx_word' id='word_1_52' title='bbox 1341 2892 1596 2976; x_wconf 81' lang='lat' dir='ltr'><em>occiSO,</em></span> <span class='ocrx_word' id='word_1_53' title='bbox 1630 2915 1785 2964; x_wconf 61' lang='lat' dir='ltr'><em>non,</em></span> <span class='ocrx_word' id='word_1_54' title='bbox 1823 2892 2055 2961; x_wconf 89' lang='lat' dir='ltr'><em>solum</em></span> <span class='ocrx_word' id='word_1_55' title='bbox 2108 2916 2250 2961; x_wconf 93' lang='lat' dir='ltr'><em>non</em></span> <span class='ocrx_word' id='word_1_56' title='bbox 2288 2896 2806 2964; x_wconf 86' lang='lat' dir='ltr'><em>excusationem</em></span> 
     </span>
     <span class='ocr_line' id='line_1_11' title="bbox 668 2999 2800 3092; baseline 0.001 -25"><span class='ocrx_word' id='word_1_57' title='bbox 668 3004 1089 3090; x_wconf 89' lang='lat' dir='ltr'><em>paraverunt</em></span> <span class='ocrx_word' id='word_1_58' title='bbox 1116 3021 1243 3067; x_wconf 89' lang='lat' dir='ltr'><em>nec</em></span> <span class='ocrx_word' id='word_1_59' title='bbox 1287 2999 1506 3067; x_wconf 91' lang='lat' dir='ltr'><em>ullam</em></span> <span class='ocrx_word' id='word_1_60' title='bbox 1546 3000 1888 3068; x_wconf 87' lang='lat' dir='ltr'><em>rationem</em></span> <span class='ocrx_word' id='word_1_61' title='bbox 1919 3002 2274 3092; x_wconf 82' lang='lat' dir='ltr'><em>egregiam</em></span> <span class='ocrx_word' id='word_1_62' title='bbox 2312 3002 2800 3081; x_wconf 80' lang='lat' dir='ltr'><em>obtenderunt‚</em></span> 
     </span>
     <span class='ocr_line' id='line_1_12' title="bbox 668 3107 2807 3199; baseline 0.001 -25"><span class='ocrx_word' id='word_1_63' title='bbox 668 3117 737 3174; x_wconf 92' lang='lat' dir='ltr'><em>at</em></span> <span class='ocrx_word' id='word_1_64' title='bbox 762 3129 887 3174; x_wconf 90' lang='lat' dir='ltr'><em>sua</em></span> <span class='ocrx_word' id='word_1_65' title='bbox 915 3111 1187 3174; x_wconf 88' lang='lat' dir='ltr'><em>tantum</em></span> <span class='ocrx_word' id='word_1_66' title='bbox 1220 3112 1470 3173; x_wconf 90' lang='lat' dir='ltr'><em>natura</em></span> <span class='ocrx_word' id='word_1_67' title='bbox 1520 3110 1817 3184; x_wconf 83' lang='lat' dir='ltr'><em>utenteS‚</em></span> <span class='ocrx_word' id='word_1_68' title='bbox 1857 3107 2150 3197; x_wconf 81' lang='lat' dir='ltr'><em>praedari</em></span> <span class='ocrx_word' id='word_1_69' title='bbox 2181 3114 2566 3199; x_wconf 87' lang='lat' dir='ltr'><em>coeperunt.</em></span> <span class='ocrx_word' id='word_1_70' title='bbox 2603 3110 2807 3199; x_wconf 87' lang='lat' dir='ltr'><em>Spar-</em></span> 
     </span>
     <span class='ocr_line' id='line_1_13' title="bbox 668 3212 2805 3295; baseline 0 -13"><span class='ocrx_word' id='word_1_71' title='bbox 668 3213 810 3282; x_wconf 87' lang='lat' dir='ltr'><em>tani</em></span> <span class='ocrx_word' id='word_1_72' title='bbox 838 3214 994 3280; x_wconf 91' lang='lat' dir='ltr'><em>irati</em></span> <span class='ocrx_word' id='word_1_73' title='bbox 1022 3235 1140 3281; x_wconf 88' lang='lat' dir='ltr'><em>eos</em></span> <span class='ocrx_word' id='word_1_74' title='bbox 1181 3213 1700 3280; x_wconf 86' lang='lat' dir='ltr'><em>interfecerunt.</em></span> <span class='ocrx_word' id='word_1_75' title='bbox 1760 3213 1842 3280; x_wconf 94' lang='lat' dir='ltr'><em>In</em></span> <span class='ocrx_word' id='word_1_76' title='bbox 1868 3212 1997 3281; x_wconf 88' lang='lat' dir='ltr'><em>hac</em></span> <span class='ocrx_word' id='word_1_77' title='bbox 2059 3220 2248 3282; x_wconf 90' lang='lat' dir='ltr'><em>tanta</em></span> <span class='ocrx_word' id='word_1_78' title='bbox 2301 3237 2538 3295; x_wconf 85' lang='lat' dir='ltr'><em>rerum</em></span> <span class='ocrx_word' id='word_1_79' title='bbox 2565 3217 2805 3283; x_wconf 86' lang='lat' dir='ltr'><em>confu-</em></span> 
     </span>
     <span class='ocr_line' id='line_1_14' title="bbox 666 3319 2801 3412; baseline 0.002 -25"><span class='ocrx_word' id='word_1_80' title='bbox 666 3321 883 3403; x_wconf 87' lang='lat' dir='ltr'><em>sione,</em></span> <span class='ocrx_word' id='word_1_81' title='bbox 948 3319 1431 3409; x_wconf 83' lang='lat' dir='ltr'><em>Philopoemen</em></span> <span class='ocrx_word' id='word_1_82' title='bbox 1516 3341 1678 3385; x_wconf 91' lang='lat' dir='ltr'><em>cum</em></span> <span class='ocrx_word' id='word_1_83' title='bbox 1738 3320 2048 3388; x_wconf 86' lang='lat' dir='ltr'><em>exercitu</em></span> <span class='ocrx_word' id='word_1_84' title='bbox 2125 3321 2441 3412; x_wconf 79' lang='lat' dir='ltr'><em>Spartam</em></span> <span class='ocrx_word' id='word_1_85' title='bbox 2498 3322 2801 3392; x_wconf 79' lang='lat' dir='ltr'><em>advenit.</em></span> 
     </span>
     <span class='ocr_line' id='line_1_15' title="bbox 664 3424 2806 3517; baseline 0 -22"><span class='ocrx_word' id='word_1_86' title='bbox 664 3429 860 3495; x_wconf 91' lang='lat' dir='ltr'><em>Tunc</em></span> <span class='ocrx_word' id='word_1_87' title='bbox 929 3426 1296 3517; x_wconf 78' lang='lat' dir='ltr'><em>optimates</em></span> <span class='ocrx_word' id='word_1_88' title='bbox 1346 3424 1465 3516; x_wconf 87' lang='lat' dir='ltr'><em>qui</em></span> <span class='ocrx_word' id='word_1_89' title='bbox 1519 3426 1902 3493; x_wconf 84' lang='lat' dir='ltr'><em>etiamtunc</em></span> <span class='ocrx_word' id='word_1_90' title='bbox 1963 3426 2038 3494; x_wconf 92' lang='lat' dir='ltr'><em>in</em></span> <span class='ocrx_word' id='word_1_91' title='bbox 2090 3428 2263 3496; x_wconf 92' lang='lat' dir='ltr'><em>urbe</em></span> <span class='ocrx_word' id='word_1_92' title='bbox 2307 3429 2629 3496; x_wconf 88' lang='lat' dir='ltr'><em>vivebant</em></span> <span class='ocrx_word' id='word_1_93' title='bbox 2672 3429 2806 3497; x_wconf 90' lang='lat' dir='ltr'><em>sibi</em></span> 
     </span>
     <span class='ocr_line' id='line_1_16' title="bbox 666 3530 2805 3623; baseline 0.001 -22"><span class='ocrx_word' id='word_1_94' title='bbox 666 3532 1069 3602; x_wconf 88' lang='lat' dir='ltr'><em>conciliavit</em></span> <span class='ocrx_word' id='word_1_95' title='bbox 1090 3537 1180 3609; x_wconf 83' lang='lat' dir='ltr'><em>et,</em></span> <span class='ocrx_word' id='word_1_96' title='bbox 1198 3531 1415 3598; x_wconf 90' lang='lat' dir='ltr'><em>invita</em></span> <span class='ocrx_word' id='word_1_97' title='bbox 1446 3530 1669 3622; x_wconf 84' lang='lat' dir='ltr'><em>plebe,</em></span> <span class='ocrx_word' id='word_1_98' title='bbox 1690 3531 2007 3623; x_wconf 88' lang='lat' dir='ltr'><em>Spartam</em></span> <span class='ocrx_word' id='word_1_99' title='bbox 2035 3534 2455 3602; x_wconf 59' lang='lat' dir='ltr'><em>Achaeorum</em></span> <span class='ocrx_word' id='word_1_100' title='bbox 2491 3536 2805 3603; x_wconf 78' lang='lat' dir='ltr'><em>societati</em></span> 
     </span>
     <span class='ocr_line' id='line_1_17' title="bbox 662 3637 2804 3733; baseline 0 -23"><span class='ocrx_word' id='word_1_101' title='bbox 662 3640 1005 3732; x_wconf 86' lang='lat' dir='ltr'><em>adjunxit.</em></span> <span class='ocrx_word' id='word_1_102' title='bbox 1042 3637 1288 3706; x_wconf 92' lang='lat' dir='ltr'><em>Plures</em></span> <span class='ocrx_word' id='word_1_103' title='bbox 1320 3660 1543 3707; x_wconf 87' lang='lat' dir='ltr'><em>annos</em></span> <span class='ocrx_word' id='word_1_104' title='bbox 1572 3639 2056 3731; x_wconf 88' lang='lat' dir='ltr'><em>Philopoemen</em></span> <span class='ocrx_word' id='word_1_105' title='bbox 2083 3664 2206 3732; x_wconf 92' lang='lat' dir='ltr'><em>pro</em></span> <span class='ocrx_word' id='word_1_106' title='bbox 2236 3641 2522 3709; x_wconf 89' lang='lat' dir='ltr'><em>domino</em></span> <span class='ocrx_word' id='word_1_107' title='bbox 2552 3665 2622 3709; x_wconf 86' lang='lat' dir='ltr'><em>se</em></span> <span class='ocrx_word' id='word_1_108' title='bbox 2649 3665 2804 3733; x_wconf 86' lang='lat' dir='ltr'><em>ges-</em></span> 
     </span>
     <span class='ocr_line' id='line_1_18' title="bbox 665 3745 2807 3839; baseline 0.001 -23"><span class='ocrx_word' id='word_1_109' title='bbox 665 3750 756 3817; x_wconf 89' lang='lat' dir='ltr'><em>sit</em></span> <span class='ocrx_word' id='word_1_110' title='bbox 785 3770 943 3839; x_wconf 88' lang='lat' dir='ltr'><em>erga</em></span> <span class='ocrx_word' id='word_1_111' title='bbox 972 3747 1376 3836; x_wconf 78' lang='lat' dir='ltr'><em>SpartanOS,</em></span> <span class='ocrx_word' id='word_1_112' title='bbox 1411 3745 1845 3838; x_wconf 89' lang='lat' dir='ltr'><em>principibus</em></span> <span class='ocrx_word' id='word_1_113' title='bbox 1879 3748 2391 3838; x_wconf 86' lang='lat' dir='ltr'><em>adjuvantibus.</em></span> <span class='ocrx_word' id='word_1_114' title='bbox 2428 3749 2696 3817; x_wconf 88' lang='lat' dir='ltr'><em>Domus</em></span> <span class='ocrx_word' id='word_1_115' title='bbox 2740 3757 2807 3818; x_wconf 88' lang='lat' dir='ltr'><em>et</em></span> 
     </span>
     <span class='ocr_line' id='line_1_19' title="bbox 663 3853 2805 3945; baseline 0 -22"><span class='ocrx_word' id='word_1_116' title='bbox 663 3856 847 3923; x_wconf 89' lang='lat' dir='ltr'><em>bona</em></span> <span class='ocrx_word' id='word_1_117' title='bbox 876 3853 1162 3922; x_wconf 89' lang='lat' dir='ltr'><em>Nabidis</em></span> <span class='ocrx_word' id='word_1_118' title='bbox 1193 3854 1475 3921; x_wconf 87' lang='lat' dir='ltr'><em>vendita</em></span> <span class='ocrx_word' id='word_1_119' title='bbox 1529 3860 1718 3922; x_wconf 91' lang='lat' dir='ltr'><em>sunt.</em></span> <span class='ocrx_word' id='word_1_120' title='bbox 1768 3855 2086 3922; x_wconf 87' lang='lat' dir='ltr'><em>Fortasse</em></span> <span class='ocrx_word' id='word_1_121' title='bbox 2124 3856 2368 3945; x_wconf 86' lang='lat' dir='ltr'><em>ephori</em></span> <span class='ocrx_word' id='word_1_122' title='bbox 2411 3864 2575 3923; x_wconf 89' lang='lat' dir='ltr'><em>sunt</em></span> <span class='ocrx_word' id='word_1_123' title='bbox 2607 3858 2805 3925; x_wconf 86' lang='lat' dir='ltr'><em>resti-</em></span> 
     </span>
     <span class='ocr_line' id='line_1_20' title="bbox 662 3959 2802 4051; baseline 0.001 -22"><span class='ocrx_word' id='word_1_124' title='bbox 662 3962 821 4029; x_wconf 89' lang='lat' dir='ltr'><em>tuti.</em></span> <span class='ocrx_word' id='word_1_125' title='bbox 861 3960 1060 4042; x_wconf 87' lang='lat' dir='ltr'><em>Quod</em></span> <span class='ocrx_word' id='word_1_126' title='bbox 1093 3960 1179 4027; x_wconf 89' lang='lat' dir='ltr'><em>ad</em></span> <span class='ocrx_word' id='word_1_127' title='bbox 1208 3959 1740 4028; x_wconf 86' lang='lat' dir='ltr'><em>Heraclidarum</em></span> <span class='ocrx_word' id='word_1_128' title='bbox 1766 3960 2232 4051; x_wconf 86' lang='lat' dir='ltr'><em>principatum</em></span> <span class='ocrx_word' id='word_1_129' title='bbox 2264 3962 2532 4041; x_wconf 84' lang='lat' dir='ltr'><em>attinet,</em></span> <span class='ocrx_word' id='word_1_130' title='bbox 2563 3963 2802 4032; x_wconf 90' lang='lat' dir='ltr'><em>Livius</em></span> 
     </span>
    </p>
   </div>
   <div class='ocr_carea' id='block_1_5' title="bbox 539 4066 2797 4158">
    <p class='ocr_par' dir='ltr' id='par_1_6' title="bbox 539 4066 2797 4158">
     <span class='ocr_line' id='line_1_21' title="bbox 539 4066 2797 4158; baseline 0.004 -28"><span class='ocrx_word' id='word_1_131' title='bbox 539 4127 540 4130; x_wconf 74' lang='grc'>,</span> <span class='ocrx_word' id='word_1_132' title='bbox 660 4075 1008 4136; x_wconf 85' lang='lat' dir='ltr'><em>asseverat</em></span> <span class='ocrx_word' id='word_1_133' title='bbox 1031 4066 1597 4135; x_wconf 84' lang='lat' dir='ltr'><em>Lacedaemonios</em></span> <span class='ocrx_word' id='word_1_134' title='bbox 1615 4066 2199 4158; x_wconf 82' lang='lat' dir='ltr'><em>nonnulloS,post</em></span> <span class='ocrx_word' id='word_1_135' title='bbox 2229 4069 2481 4136; x_wconf 87' lang='lat' dir='ltr'><em>Nabim</em></span> <span class='ocrx_word' id='word_1_136' title='bbox 2512 4093 2797 4151; x_wconf 75' lang='lat' dir='ltr'><em>caesum,</em></span> 
     </span>
    </p>
   </div>
   <div class='ocr_carea' id='block_1_6' title="bbox 659 4172 2801 4482">
    <p class='ocr_par' dir='ltr' id='par_1_7' title="bbox 659 4172 2801 4482">
     <span class='ocr_line' id='line_1_22' title="bbox 661 4172 2801 4269; baseline 0.001 -25"><span class='ocrx_word' id='word_1_137' title='bbox 661 4197 880 4268; x_wconf 88' lang='lat' dir='ltr'><em>quum</em></span> <span class='ocrx_word' id='word_1_138' title='bbox 928 4173 1199 4241; x_wconf 87' lang='lat' dir='ltr'><em>AEtolos</em></span> <span class='ocrx_word' id='word_1_139' title='bbox 1262 4173 1629 4241; x_wconf 88' lang='lat' dir='ltr'><em>exturbare</em></span> <span class='ocrx_word' id='word_1_140' title='bbox 1677 4172 1961 4259; x_wconf 85' lang='lat' dir='ltr'><em>vellent,</em></span> <span class='ocrx_word' id='word_1_141' title='bbox 1994 4174 2166 4267; x_wconf 87' lang='lat' dir='ltr'><em>regii</em></span> <span class='ocrx_word' id='word_1_142' title='bbox 2192 4177 2466 4265; x_wconf 89' lang='lat' dir='ltr'><em>generis</em></span> <span class='ocrx_word' id='word_1_143' title='bbox 2505 4200 2801 4269; x_wconf 85' lang='lat' dir='ltr'><em>puerum</em></span> 
     </span>
     <span class='ocr_line' id='line_1_23' title="bbox 660 4278 2798 4373; baseline 0.001 -23"><span class='ocrx_word' id='word_1_144' title='bbox 660 4279 1049 4373; x_wconf 86' lang='lat' dir='ltr'><em>quemdam,</em></span> <span class='ocrx_word' id='word_1_145' title='bbox 1091 4278 1262 4346; x_wconf 92' lang='lat' dir='ltr'><em>olim</em></span> <span class='ocrx_word' id='word_1_146' title='bbox 1295 4279 1667 4348; x_wconf 85' lang='lat' dir='ltr'><em>educatum</em></span> <span class='ocrx_word' id='word_1_147' title='bbox 1700 4304 1865 4349; x_wconf 90' lang='lat' dir='ltr'><em>cum</em></span> <span class='ocrx_word' id='word_1_148' title='bbox 1897 4281 2142 4350; x_wconf 87' lang='lat' dir='ltr'><em>liberis</em></span> <span class='ocrx_word' id='word_1_149' title='bbox 2172 4284 2473 4373; x_wconf 85' lang='lat' dir='ltr'><em>tyranni,</em></span> <span class='ocrx_word' id='word_1_150' title='bbox 2511 4285 2798 4353; x_wconf 88' lang='lat' dir='ltr'><em>adsum-</em></span> 
     </span>
     <span class='ocr_line' id='line_1_24' title="bbox 659 4386 2794 4482; baseline 0.002 -25"><span class='ocrx_word' id='word_1_151' title='bbox 659 4388 880 4479; x_wconf 88' lang='lat' dir='ltr'><em>psisse</em></span> <span class='ocrx_word' id='word_1_152' title='bbox 903 4393 969 4456; x_wconf 90' lang='lat' dir='ltr'><em>et</em></span> <span class='ocrx_word' id='word_1_153' title='bbox 989 4386 1062 4454; x_wconf 90' lang='lat' dir='ltr'><em>in</em></span> <span class='ocrx_word' id='word_1_154' title='bbox 1082 4407 1340 4477; x_wconf 90' lang='lat' dir='ltr'><em>equum</em></span> <span class='ocrx_word' id='word_1_155' title='bbox 1364 4386 1802 4478; x_wconf 86' lang='lat' dir='ltr'><em>imposuisse,</em></span> <span class='ocrx_word' id='word_1_156' title='bbox 1819 4395 1900 4458; x_wconf 87' lang='lat' dir='ltr'><em>ut</em></span> <span class='ocrx_word' id='word_1_157' title='bbox 1920 4394 2129 4482; x_wconf 85' lang='lat' dir='ltr'><em>caput</em></span> <span class='ocrx_word' id='word_1_158' title='bbox 2155 4390 2439 4480; x_wconf 81' lang='lat' dir='ltr'><em>agendae</em></span> <span class='ocrx_word' id='word_1_159' title='bbox 2470 4393 2571 4464; x_wconf 81' lang='lat' dir='ltr'><em>rei</em></span> <span class='ocrx_word' id='word_1_160' title='bbox 2591 4398 2794 4462; x_wconf 87' lang='lat' dir='ltr'><em>esset.</em></span> 
     </span>
    </p>
   </div>
  </div>
 </body>
</html>
