3419 5466
1536 842 1613 849 -
1658 808 1696 866 6
1738 841 1816 852 ...

610 970 943 1061 gerebant
998 972 1078 1035 ut
1142 965 1599 1057 paucissimos
1648 966 1911 1033 liberos
1965 966 2374 1056 gignerent:
2435 975 2571 1036 tres
2632 978 2754 1038 aut

614 1082 913 1169 quatuor
971 1074 1237 1154 fratreS,
1281 1073 1421 1139 imo
1473 1078 1539 1140 et
1588 1071 1822 1162 plures
1876 1072 2277 1162 aliquando,
2336 1097 2476 1142 una
2531 1098 2750 1144 uxore

611 1206 794 1276 saepe
840 1184 1201 1248 contentos
1231 1178 1439 1245 fuisse
1473 1187 1540 1246 et
1565 1183 1768 1246 natos
1805 1180 2268 1248 communiter
2310 1180 2392 1249 ab
2433 1181 2534 1248 eis
2579 1182 2754 1250 edu-

612 1294 803 1360 catos
830 1311 999 1366 esse,
1037 1308 1310 1354 necnon
1337 1284 1409 1352 in
1441 1306 1635 1353 more
1677 1285 1983 1376 positum
2023 1310 2172 1355 esse
2212 1297 2285 1353 ut
2337 1289 2395 1354 is
2438 1290 2556 1379 qui
2603 1290 2751 1378 jam

610 1397 781 1464 satis
814 1394 1077 1461 multos
1122 1393 1380 1460 liberos
1428 1393 1872 1483 suscepisset,
1918 1415 2209 1461 uxorem
2258 1394 2468 1462 alicui
2518 1397 2747 1464 amico

610 1502 883 1571 cederet
916 1501 1049 1567 fert
1079 1498 1417 1590 Polybius
1462 1499 1590 1588 (1).
1628 1499 1777 1566 Hoc
1807 1500 2044 1578 modo,
2104 1500 2217 1567 lex
2262 1502 2363 1568 rei
2401 1502 2748 1578 militaris,

609 1632 751 1700 qua
794 1608 1214 1696 regebantur
1252 1606 1437 1673 cives
1489 1605 1835 1695 Spartani.
1898 1628 2015 1673 eos
2070 1608 2576 1698 exstinguebat,
2627 1632 2755 1677 nec

614 1716 965 1784 immerito
1017 1712 1424 1780 Aristoteles
1478 1713 1920 1802 syssitiorum
1954 1714 2463 1784 institutionem
2495 1739 2752 1806 magno

609 1824 868 1891 damno
896 1820 1107 1888 fuisse
1139 1820 1582 1889 existimabat
1611 1821 1735 1909 (2).

706 2001 863 2068 Non
901 1999 1183 2091 quidem
1217 1997 1450 2065 solum
1482 2020 1819 2065 numerus
1857 1999 2119 2066 civium
2157 2000 2401 2089 Agidis
2440 2006 2752 2092 tempore

614 2107 949 2174 minimus
999 2111 1169 2188 erat,
1228 2105 1345 2171 sed
1406 2106 1615 2172 etiam
1667 2106 1886 2172 ferme
1941 2112 2219 2173 centum
2289 2108 2613 2198 Spartani
2668 2131 2753 2175 ex

615 2214 1068 2304 septingentis
1091 2212 1352 2303 praedia
1385 2211 1713 2279 tenebant
1743 2213 1864 2302 (3).
1889 2213 2058 2293 Quae
2086 2236 2193 2280 res
2218 2213 2750 2303 diligentissime

613 2320 918 2389 notanda
957 2325 1087 2396 est;
1136 2342 1296 2386 nam
1353 2318 1611 2409 praedia
1645 2319 1719 2385 in
1764 2319 2034 2386 Graecia
2085 2328 2277 2387 erant
2334 2321 2521 2389 haud
2555 2323 2751 2412 parvi

614 2432 974 2506 momenti,
1038 2428 1515 2517 eximiumque
1579 2427 1650 2493 in
1713 2426 2214 2517 rempublicam
2278 2429 2592 2496 animum
2646 2429 2750 2495 illi

614 2535 948 2625 gerebant
976 2540 1091 2623 qui
1129 2535 1312 2601 bona
1341 2557 1467 2600 sua
1493 2533 1844 2600 habebant
1884 2533 2338 2603 defendenda.
2381 2537 2755 2627 Spartanos

615 2641 794 2708 nihil
838 2640 1272 2731 possidentes
1310 2640 1731 2707 Plutarchus
1773 2640 1983 2706 refert
2022 2641 2238 2708 fuisse
2287 2642 2598 2711 imbelles
2629 2643 2750 2733 (4).

616 2749 772 2830 Quo
851 2757 1046 2838 pacto
1106 2771 1191 2815 ex
1244 2746 1701 2838 septingentis
1772 2747 2129 2837 Spartanis
2188 2750 2490 2817 sexcenti
2554 2750 2758 2817 bonis

614 2855 879 2923 evoluti
911 2861 1138 2922 essent
1169 2877 1358 2922 nunc
1390 2854 1690 2922 breviter
1717 2853 2216 2945 disputandum
2247 2862 2370 2924 est.

707 2962 890 3029 Satis
933 2968 1200 3029 constat
1244 2962 1683 3039 Messeniam,
1727 2965 1885 3052 post
1932 2984 2243 3052 pugnam
2291 2963 2752 3047 Leuctricam,

616 3075 922 3159 ereptam
955 3092 1102 3136 esse
1130 3069 1487 3159 Spartanis
1509 3069 1651 3135 fere
1674 3073 1891 3135 totam
1926 3069 2046 3158 (ὃ).
2084 3069 2237 3151 Quo
2286 3070 2465 3138 facto
2513 3094 2758 3139 eorum

615 3198 786 3267 opes
799 3174 985 3243 haud
1001 3198 1243 3265 parum
1258 3178 1545 3244 minutae
1573 3182 1760 3250 sunt;
1788 3181 1855 3242 at
1881 3198 2026 3242 non
2053 3174 2279 3243 adhuc
2299 3177 2756 3269 intelligimus

618 3304 746 3348 cur
795 3282 980 3349 intus
1035 3282 1107 3348 in
1154 3282 1477 3350 Laconiae
1529 3282 1786 3349 finibus
1835 3304 2042 3372 penes
2091 3306 2473 3374 perpaucos
2527 3291 2759 3353 essent

617 3389 954 3480 Spartana
995 3388 1279 3478 praedia.
1325 3389 1691 3479 Philippus
1746 3411 1946 3479 agros
2005 3389 2342 3483 quosdam
2402 3391 2756 3481 Spartanis

680 3577 725 3625 1.
776 3576 994 3635 Pomm„
1023 3575 1138 3637 XII,
1165 3591 1212 3624 VI
1243 3575 1290 3636 b,
1321 3575 1368 3626 8.
1399 3603 1462 3612 --
1491 3575 1568 3625 Cf.
1614 3577 1891 3632 Aius-ror„
1925 3576 2106 3636 Pom,
2139 3576 2204 3637 II,
2240 3593 2312 3638 vt,
2356 3579 2413 3627 13
2446 3579 2757 3642 (Susemihl‚

616 3669 669 3718 p.
704 3656 833 3718 122).

678 3737 726 3784 2.
756 3737 1025 3795 Antsror„
1054 3734 1238 3795 Polit„
1273 3735 1336 3793 ΙΙ,
1368 3750 1435 3789 vx,
1463 3735 1520 3785 21
1557 3736 1859 3798 (Susamihl‚
1891 3752 1942 3799 p.
1976 3736 2104 3800 127).

676 3814 724 3864 3.
756 3817 904 3879 siffis,
936 3816 1001 3875 V,
1026 3815 1054 3862 4
1086 3831 1097 3862 ε
1129 3833 1155 3859 «
1273 3817 1361 3866 καὶ
1392 3816 1582 3867 τούτων
1617 3816 1741 3875 ἴσως
1765 3817 1942 3867 ἑκατὸν
1974 3808 2105 3882 ἦσαν
2143 3818 2191 3868 οἱ
2224 3824 2314 3881 γῆν
2345 3821 2637 3883 κεκτημένοι
2672 3823 2764 3872 καὶ

610 3901 817 3963 κλῆρον,
845 3915 869 3936 »
898 3896 972 3946 Cf.
1006 3897 1276 3952 Amsror..
1308 3897 1493 3957 Polit„
1528 3896 1591 3956 II,
1624 3911 1696 3957 v1,
1734 3898 1819 3958 103
1847 3897 1988 3960 VIII,
2026 3913 2093 3958 v1,
2137 3898 2165 3946 7
2212 3899 2519 3962 (Susemihl,
2550 3914 2601 3962 p.
2646 3900 2757 3961 120,

609 3978 743 4037 535).
775 4003 836 4012 —
867 3978 1034 4036 Quum
1065 3978 1228 4026 Pares
1266 3979 1371 4026 tam
1410 3978 1678 4039 pecuniosi
1718 3991 1836 4027 esse
1870 3979 2122 4028 deberent
2154 3983 2212 4027 ut
2242 3981 2568 4042 syssitiorum
2612 3996 2761 4031 suam

613 4060 811 4119 partem
847 4059 1102 4105 sustinere
1138 4062 1372 4119 possent,
1404 4073 1467 4107 ex
1506 4057 1587 4107 his
1630 4059 1846 4120 apparet
1879 4061 2044 4108 Pares
2074 4063 2282 4109 centum
2325 4060 2482 4109 fuisse
2524 4076 2584 4109 eo
2619 4065 2764 4109 tem-

611 4152 758 4201 pore.
815 4139 1075 4187 Praeterea
1126 4139 1299 4187 Pares
1340 4153 1547 4200 semper
1601 4140 1849 4202 perpauci
1896 4139 2134 4189 fuerant:
2166 4154 2217 4189 ν.
2267 4143 2478 4191 Fusrat.
2508 4156 2574 4189 ns
2613 4140 2754 4190 Cou-

612 4232 832 4279 LANGES,
868 4217 981 4267 Cite'
1008 4219 1244 4282 antique,
1272 4233 1322 4281 p.
1353 4218 1464 4267 407.

669 4298 720 4348 4.
748 4299 895 4362 Α9ἰ8,
924 4299 989 4357 V,
1022 4299 1068 4347 4.

670 4379 720 4428 5.
747 4379 986 4437 D1onon.,
1015 4379 1123 4438 XV,
1148 4378 1227 4429 65.
