3419 5466
1405 1690 1686 1763 INDEX
1742 1688 2007 1762 CAPIT
2018 1689 2147 1762 UM

715 2399 1022 2452 Pnooeunm
1030 2437 2337 2452 ......................
2386 2437 2395 2445 .
2446 2441 2456 2450 .
2506 2441 2516 2450 .
2565 2436 2575 2445 .
2624 2441 2634 2450 .
2686 2441 2696 2450 .
2820 2397 2841 2445 1

714 2605 897 2672 CAPUT
934 2603 978 2660 I.
1011 2632 1083 2642 -—
1120 2600 1432 2656 Cleomene
1472 2601 1676 2672 fugato
1708 2605 1768 2655 et
1801 2600 2221 2656 Lacedaemone
2253 2605 2559 2671 occupata,
2591 2600 2702 2656 An·

858 2694 1097 2765 tigonus
1147 2706 1330 2747 novas
1375 2706 1469 2746 res
1514 2696 1677 2746 actas
1726 2691 1947 2762 partim
1995 2690 2171 2759 tollit,
2221 2690 2442 2762 partim
2490 2694 2703 2746 servat.

859 2781 1021 2838 Multi
1070 2780 1516 2848 Lacedaemonii,
1559 2782 1858 2852 praecipue
1905 2780 2335 2851 adolescentes,
2378 2780 2706 2836 Cleomenis

859 2872 1112 2927 consilia
1148 2887 1270 2926 non
1307 2870 1658 2942 relinquunt
1673 2912 2045 2929 .......
2092 2911 2105 2923 .
2153 2912 2522 2930 .......
2572 2913 2581 2922 .
2632 2918 2643 2928 .
2691 2916 2703 2928 .
2780 2871 2853 2923 24

717 3081 901 3135 CAPUT
938 3081 1011 3136 II.
1054 3110 1125 3118 —
1172 3078 1452 3150 Spartani
1501 3078 1885 3134 Macedonum
1924 3078 2072 3150 iugo
2112 3093 2174 3133 se
2214 3081 2435 3133 exuunt
2476 3082 2535 3132 et
2575 3093 2710 3133 cum

860 3169 1066 3224 AEtolis
1092 3169 1438 3224 societatem
1469 3168 1698 3222 ineunt.
1724 3168 2022 3240 Lycurgus
2054 3174 2114 3223 et
2133 3167 2529 3238 MachanidaS‚
2554 3167 2706 3222 haud

862 3258 1028 3331 regio
1066 3273 1283 3331 genere
1324 3259 1469 3328 nati,
1503 3257 1826 3329 imperium
1868 3253 2165 3316 exercent.
2213 3299 2224 3310 .
2271 3305 2281 3315 .
2323 3321 2326 3325 ,
2331 3298 2703 3315 .......
2784 3258 2846 3311 31

722 3467 906 3522 CAPUT
944 3466 1039 3520 Ill.
1058 3497 1129 3505 —
1159 3464 1337 3520 Nabis
1369 3469 1658 3536 tyrannus
1688 3465 1943 3520 civitatis
1968 3470 2194 3521 statum
2223 3469 2415 3520 mutat
2454 3480 2712 3537 opesque

865 3558 1059 3628 auget.
1096 3556 1164 3609 In
1203 3555 1426 3610 Graecia
1470 3555 1767 3610 arbitratu
1800 3570 1908 3610 suo
1942 3569 2004 3610 se
2036 3555 2207 3626 gerit.
2241 3554 2481 3610 Achaeos
2513 3559 2714 3621 terret,

866 3662 901 3702 a
929 3645 1211 3701 Romanis
1241 3661 1375 3701 vero
1409 3643 1762 3699 debilitatur
1792 3650 1852 3700 et
1881 3644 1957 3699 ab
1981 3644 2189 3700 AEtolis
2213 3644 2592 3703 interficitur.
2639 3691 2651 3703 .
2698 3693 2708 3704 .
2791 3648 2858 3700 47

726 3852 908 3909 CArur
945 3854 1039 3910 IV.
1098 3883 1171 3892 —
1226 3852 1632 3923 Philopoemen
1686 3850 1941 3906 concilio
2001 3851 2353 3906 Achaeorum
2417 3854 2721 3908 communi

867 3944 1189 4012 Spartanos
1225 3941 1468 3997 inserit.
1511 3941 1789 4012 Spartani
1832 3941 1990 3996 inter
2029 3957 2091 3996 se
2133 3941 2538 4012 discrepantes
2574 3958 2716 3997 con-

867 4030 1115 4101 fugiunt
1158 4046 1367 4085 omnes
1418 4030 1494 4085 ad
1542 4032 1859 4097 Roman03‚
1899 4031 2002 4100 qui
2043 4036 2104 4086 et
2140 4031 2407 4102 plebeios
2448 4047 2482 4086 a
2522 4031 2719 4086 Philo-

867 4134 1137 4190 poemene
1168 4119 1231 4174 in
1264 4119 1544 4175 exsilium
1576 4122 1801 4191 ejectos
1829 4125 1887 4175 et
1914 4122 2229 4192 optimates
2256 4137 2290 4176 a
2314 4119 2488 4191 plebe
2517 4120 2722 4192 pulsos

869 4209 1216 4266 restituunt.
1261 4208 1533 4263 Confusae
1578 4224 1673 4263 res
1717 4210 2180 4281 Spartanorum3
2216 4210 2460 4265 Chaeron
2507 4210 2723 4281 vulgus

871 4295 1090 4354 turbat.
1146 4299 1221 4352 At
1285 4297 1444 4352 inter
1498 4298 1834 4353 Graecorum
1894 4300 2160 4354 civitates
2220 4299 2492 4355 maximis
2549 4298 2722 4354 malis

874 4400 1206 4456 oppressae,
1252 4387 1465 4456 Sparta
1501 4388 1699 4443 minus
1733 4392 1982 4462 aegrotat
1991 4431 2717 4448 .............
2800 4391 2858 4442 71
