3419 5466
1609 763 1929 823 ...66-

696 925 1136 993 occasionem
1178 921 1459 990 foederis
1508 923 1847 992 solvendi.
1884 923 2100 992 AEtoli
2147 934 2405 1005 autem,
2450 927 2569 1017 qiri
2618 929 2826 1019 paulo

694 1030 1126 1122 postNabim
1151 1029 1417 1098 victum
1448 1029 1832 1098 amicitiam
1878 1029 2115 1122 populi
2157 1031 2456 1100 Romani
2495 1033 2832 1105 deserue-

689 1148 872 1217 rant,
905 1137 1315 1206 necessitate
1357 1135 1573 1204 coacti
1613 1137 1686 1203 in
1733 1137 2176 1206 concordiam
2223 1138 2626 1208 rediverunt
2670 1165 2831 1211 cum

688 1251 1008 1335 tyranne,
1063 1265 1270 1336 quem
1309 1243 1477 1311 olim
1513 1242 1670 1311 tolli
1715 1243 2104 1327 voluerant,
2159 1254 2227 1311 at
2266 1268 2452 1313 nunc
2495 1248 2824 1318 Romanis

692 1353 1037 1420 ostensum
1066 1373 1208 1419 non
1231 1350 1380 1417 sine
1411 1349 1665 1442 gaudio
1699 1349 2050 1419 videbant.
2072 1350 2316 1443 Itaque
2342 1352 2815 1440 DamocrituS,

687 1459 769 1527 ab
794 1459 892 1527 eis
925 1459 1183 1525 missus
1214 1479 1397 1525 anno
1434 1459 1586 1539 193,
1618 1456 1875 1524 Nabim
1901 1457 2261 1526 admonuit
2287 1466 2364 1526 ut
2388 1462 2823 1531 occasionem

684 1588 826 1634 non
851 1564 1438 1656 praetermitteret,
1471 1586 1685 1653 quum
1716 1564 2019 1632 Romani
2047 1564 2318 1632 nullam
2363 1566 2714 1657 legionem
2746 1570 2818 1638 in

686 1673 951 1742 Graecia
981 1671 1341 1739 haberent.
1378 1670 1440 1738 N
1447 1692 1538 1737 on
1568 1670 1855 1762 quidem
1887 1671 2155 1740 addidit
2195 1671 2373 1740 alios
2418 1674 2817 1744 AEtolorum

684 1780 946 1870 legatos
1018 1778 1264 1847 eodem
1329 1783 1639 1868 tempore
1707 1777 2034 1869 Philippo
2095 1784 2161 1846 et
2215 1780 2566 1848 Antiocho
2627 1804 2819 1850 arma

682 1886 1007 1962 suadere;
1060 1885 1279 1952 Nabis
1330 1883 1513 1952 enim
1559 1890 1750 1951 tanto
1788 1884 1979 1953 bello
2039 1885 2295 1976 illigari
2345 1887 2639 1956 fortasse
2678 1912 2820 1958 non

679 1992 1041 2062 voluisset.
1086 1993 1238 2060 Imo
1287 1995 1528 2058 contra
1567 1991 1742 2059 dixit
1783 1991 2117 2082 Gythium
2153 1995 2544 2083 oppugnari
2581 2018 2808 2084 posse,

677 2122 806 2168 nec
821 2103 1101 2190 propter
1120 2098 1252 2166 hoc
1280 2098 1562 2188 dignam
1587 2121 1868 2165 causam
1890 2099 2412 2167 existimaturos
2438 2101 2810 2184 RomanOS,

679 2229 803 2274 cur
833 2207 1143 2298 legiones
1173 2205 1431 2274 iterum
1462 2205 1535 2271 in
1564 2205 1909 2274 Graeciam
1944 2207 2329 2275 mitterent.
2363 2208 2599 2292 Nabis,
2628 2209 2817 2276 haud

673 2335 933 2404 magno
979 2312 1259 2405 negotio
1304 2335 1704 2405 persuasuS,
1752 2313 1825 2380 in
1883 2313 2254 2380 maritimis
2301 2314 2575 2405 oppidis
2625 2316 2815 2383 sedi-

673 2422 896 2489 tiones
928 2422 1274 2489 concitare
1316 2420 1551 2511 coepit,
1592 2425 1681 2497 et,
1723 2425 1897 2487 teste
1933 2420 2157 2498 Livio,
2203 2420 2376 2489 alios
2415 2423 2811 2513 principum

675 2528 878 2596 donis
928 2527 1013 2593 ad
1063 2549 1266 2595 suam
1315 2549 1594 2594 causam
1641 2526 1991 2617 perduxit,
2028 2526 2201 2596 alios
2244 2528 2689 2619 pertinaciter
2739 2530 2812 2597 in

674 2635 999 2703 societate
1038 2635 1351 2702 Romana
1390 2638 1752 2701 manentes
1797 2634 2071 2703 occidit.
2116 2634 2428 2727 Denique
2475 2635 2809 2726 Gythium

674 2741 966 2810 obsedit.
1013 2740 1274 2819 Achaei,
1348 2739 1601 2829 quibus
1670 2741 1920 2809 harum
1979 2741 2341 2810 civitatum
2395 2744 2809 2812 tuendarum

673 2871 838 2918 cura
878 2848 1311 2926 incubuerat,
1345 2853 1723 2937 tyrannum
1763 2870 1851 2915 ne
1892 2871 2129 2938 pacem
2172 2850 2483 2918 turbaret
2521 2873 2811 2919 monue-

669 2966 855 3037 runt,
901 2955 1023 3025 sed
1085 2957 1363 3033 frustra,
1409 2961 1475 3021 et
1523 2953 1609 3021 ad
1649 2954 2012 3034 Senatum,
2065 2956 2184 3045 qui
2244 2978 2326 3025 ea
2378 2957 2802 3036 nuntiarent,

670 3065 934 3155 legatos
963 3063 1308 3131 miserunt
1345 3061 1472 3150 (1).

756 3173 962 3239 Anno
1022 3171 1236 3261 igitur
1306 3172 1455 3248 192,
1518 3169 1816 3237 Senatus
1853 3168 2152 3236 Atilium
2222 3175 2581 3259 praetorem
2646 3193 2807 3238 cum

670 3277 886 3348 classe
909 3279 981 3344 in
1013 3276 1352 3344 Graeciam
1377 3274 1571 3342 misit
1601 3274 1686 3341 ad
1716 3276 2014 3343 tuendos
2060 3276 2312 3345 socios,
2348 3277 2589 3344 Achaei
2615 3299 2799 3355 vem,

668 3386 838 3469 dum
892 3385 1039 3452 haec
1098 3389 1490 3473 agerentur,
1540 3382 1805 3450 auxilio
1849 3382 2229 3473 Gytheatas
2281 3384 2626 3472 juverant,
2687 3382 2805 3451 sed

665 3491 934 3560 bellum
1001 3499 1299 3581 tyranno
1353 3489 1661 3556 indicere
1722 3511 1866 3556 non
1940 3491 2092 3556 ausi
2152 3495 2370 3564 erant,
2433 3490 2606 3557 adeo
2658 3491 2803 3581 jam

665 3601 1144 3667 Romanorum
1228 3597 1712 3664 auctoritatem
1765 3596 2130 3663 subibant!
2219 3596 2507 3663 Interim
2587 3597 2802 3664 Nabis

664 3705 1086 3774 Achaeorum
1137 3726 1386 3793 agrum
1435 3702 1730 3770 vastavit
1771 3709 1835 3770 et
1883 3702 2121 3792 Gythii
2163 3702 2411 3770 acriter
2459 3703 2801 3771 obsidioni

665 3812 938 3880 institit.
980 3813 1077 3880 Ne
1115 3810 1434 3901 praesidia
1463 3809 1536 3875 in
1568 3809 1910 3900 oppidum
1955 3808 2129 3875 mari
2166 3809 2801 3892 introducerentur,

665 3940 906 3986 rursus
974 3916 1401 4008 comparavit
1475 3915 1791 3994 classem,
1852 3915 2202 3982 modicam
2276 3916 2583 4007 quidem,
2663 3921 2801 3984 tres

662 4032 878 4093 tectas
905 4047 1115 4091 naves
1142 4030 1208 4091 et
1238 4022 1510 4091 lembos
1546 4023 1957 4112 pristesque,
1997 4027 2062 4089 et
2112 4023 2419 4111 quotidie
2460 4024 2801 4113 remigem

663 4131 1100 4222 militemque
1139 4128 1533 4197 simulacris
1569 4128 1838 4197 navalis
1888 4151 2142 4219 pugnae
2189 4130 2522 4197 exercuit.
2566 4127 2800 4226 Quum

723 4294 770 4341 1.
798 4291 1017 4350 Pomm„
1043 4292 1258 4355 Fraqm.
1290 4289 1529 4351 hist.‚34.
1558 4318 1622 4330 —
1646 4291 1783 4352 L1v.,
1812 4290 2054 4352 XXXIII,
2076 4290 2165 4350 49;
2197 4289 2413 4350 XXXV,
2428 4288 2584 4341 12-13.
2605 4317 2668 4329 —
2689 4292 2806 4343 Jus-

661 4388 789 4432 rm„
813 4370 1009 4432 XXXI,
1033 4369 1083 4420 3.
