3419 5466
1488 785 1813 845 ...40-

591 947 739 1020 hah
770 967 954 1020 nam,
984 949 1057 1011 ut
1080 943 1173 1010 ait
1189 943 1525 1033 Polybius
1553 964 1568 1011 Ξ
1589 977 1623 1010 ‹
1641 953 2091 1033 Ὑπολαμβάνων
2115 956 2264 1025 αὐτῷ
2290 953 2558 1025 καθήκειν
2577 958 2724 1013 κατὰ

593 1084 626 1120 <<
654 1062 818 1141 γένος
841 1065 946 1133 τὴν
973 1062 1284 1138 βασιλείαν,
1314 1065 1410 1119 καὶ
1439 1061 1660 1141 βαρέως
1689 1062 1867 1145 φέρων
1893 1063 1996 1133 τὴν
2014 1066 2395 1139 γεγενημένην
2419 1061 2723 1143 ὑπεροψίαν

593 1190 627 1227 ⁴<
651 1173 774 1252 περὶ
794 1172 960 1226 αὐτὸν
1007 1170 1072 1226 ἐκ
1101 1172 1208 1225 τῶν
1244 1165 1491 1247 Ἐφόρων
1524 1170 1581 1227 ἐν
1624 1177 1696 1249 τῇ
1729 1172 1878 1227 κατὰ
1914 1170 2011 1227 τὸν
2058 1169 2373 1249 Λυκοῦργον
2404 1173 2571 1250 κρίσει
2602 1173 2727 1247 περὶ

593 1299 627 1332 α
657 1281 762 1347 τῆς
804 1276 1114 1352 βασιλείας,
1155 1278 1323 1332 κινεῖν
1374 1272 1676 1333 ἑπεὸάλετο
1733 1278 1804 1332 τὰ
1849 1274 2191 1333 καθεστῶτα.
2253 1296 2286 1329 »
2338 1265 2541 1330 Anno
2595 1267 2723 1333 219

594 1394 658 1438 a.
695 1370 767 1438 C.
814 1374 1129 1448 exeunte,
1168 1392 1302 1459 quo
1333 1374 1645 1460 tempore
1674 1371 2038 1461 Lycurgus
2065 1369 2272 1438 modo
2304 1369 2725 1438 Athenaeum

593 1487 1043 1568 occupaverat
1064 1483 1131 1544 et
1151 1477 1411 1543 milites
1433 1477 1769 1568 Lepream
1790 1477 2101 1553 miserat,
2131 1476 2327 1545 Chilo
2355 1478 2726 1567 imperium

593 1584 885 1667 tentavit
914 1583 1225 1652 obtinere
1256 1590 1338 1650 ut
1366 1584 1535 1651 olim
1565 1584 1997 1665 CleomeneS,
2027 1584 2099 1650 vi
2132 1583 2401 1671 agendo
2434 1590 2502 1650 et
2535 1606 2728 1675 spem

595 1694 745 1782 agri
772 1694 1038 1759 viritim
1070 1680 1425 1758 dividendi
1457 1689 1642 1781 plebi
1675 1689 2129 1758 ostendendo.
2168 1691 2517 1758 Ducentos
2542 1692 2729 1758 viros

593 1806 839 1867 nactus
872 1800 990 1888 qui
1023 1820 1259 1866 secum
1309 1798 1814 1887 conspirarent,
1849 1796 2252 1887 Lycurgum
2313 1803 2379 1865 et
2431 1798 2729 1888 ephoros

596 1907 718 1995 qui
745 1927 903 1972 eum
934 1926 1170 1993 regem
1198 1909 1602 1973 creaverant
1623 1927 1659 1971 e
1690 1903 1920 1973 medio
1939 1903 2184 1971 tollere
2217 1905 2608 1971 constituit.
2640 1904 2732 1974 Ut

598 2012 997 2080 Cleomenis
1051 2014 1385 2102 tempore,
1457 2010 1700 2101 ephori
1762 2015 2112 2079 coenantes
2162 2016 2328 2077 sunt
2383 2010 2724 2079 trucidati.

595 2119 955 2210 Lycurgus
984 2139 1148 2185 vero
1178 2118 1396 2185 evasit
1427 2123 1492 2185 et
1522 2116 1855 2186 Pellenen
1884 2117 2148 2207 petivit.
2185 2117 2423 2186 Rebus
2455 2119 2599 2186 suis
2634 2119 2731 2186 sic

599 2226 898 2307 afflictis,
938 2224 1137 2293 Chilo
1173 2225 1513 2291 tamenin
1555 2225 1789 2291 forum
1834 2224 2106 2316 irrupit,
2154 2247 2237 2292 ex
2280 2224 2731 2315 optimatibus

597 2332 1123 2400 inimicissimos
1203 2329 1700 2421 comprehendi
1775 2330 2007 2421 jussit,
2067 2336 2134 2399 et
2215 2354 2335 2422 spe
2391 2318 2733 2400 novarum

598 2461 831 2506 rerum
870 2439 1143 2530 plebem
1192 2438 1539 2505 concitare
1598 2443 1892 2506 conatus
1953 2444 2079 2506 est.
2117 2438 2253 2506 Sed
2301 2461 2443 2506 non
2482 2439 2734 2507 idonea

601 2551 746 2612 erat
777 2545 1070 2625 occasiO,
1105 2567 1318 2634 quum
1351 2543 1723 2635 Philippus
1750 2551 1918 2612 tunc
1948 2545 2021 2611 in
2046 2545 2527 2636 Peloponneso
2556 2552 2736 2613 esset

601 2658 668 2719 et
695 2673 820 2744 pro
871 2651 1184 2719 libertate
1236 2651 1604 2718 nitendum
1656 2657 1839 2718 esset
1884 2651 2455 2720 Lacedaemoniis,
2494 2653 2732 2745 Itaque

602 2759 967 2828 Chilonem
986 2759 1183 2848 sequi
1207 2765 1737 2841 recusaverunt3
1763 2760 1909 2849 qui,
1936 2760 2017 2827 ab
2042 2761 2367 2829 omnibus
2393 2762 2727 2838 desertus,

600 2866 874 2955 aufugit
913 2872 981 2932 et
1030 2867 1103 2956 in
1142 2865 1479 2932 Achaiam
1526 2867 1872 2933 concessit
1915 2867 2037 2957 (l).
2083 2868 2238 2935 Huc
2289 2869 2409 2935 illa
2463 2868 2738 2936 recide-

596 2980 761 3042 runt
790 2978 866 3040 ut
899 2974 1293 3064 optimateS,
1332 2973 1519 3040 haud
1548 2973 1781 3041 minus
1811 2965 2123 3064 potentes
2168 2975 2289 3042 sed
2321 2976 2546 3063 magis
2587 2998 2737 3043 sus-

598 3083 869 3172 picaces
921 3102 1132 3169 quam
1180 3079 1401 3170 prius,
1438 3078 1603 3169 quid
1653 3080 2016 3172 Lycurgus
2066 3088 2302 3172 ageret
2346 3082 2737 3150 accuratius

600 3187 1251 3264 animadverterent,
1325 3187 1750 3275 ephororum
1838 3210 1991 3278 ope.
2046 3189 2250 3256 Anno
2319 3191 2450 3255 218
2535 3213 2596 3256 a.
2658 3190 2733 3257 C.

601 3296 918 3374 exeunte,
956 3294 1198 3383 ephori
1246 3293 1675 3383 Lycurgum,
1714 3294 1802 3361 ad
1846 3318 1963 3363 eos
2020 3295 2327 3362 delatum
2385 3296 2580 3385 quasi
2625 3317 2735 3363 res

600 3422 815 3468 novas
880 3400 1234 3488 cogitaret,
1307 3399 1826 3490 apprehendere
1889 3401 2375 3470 decreverunt.
2432 3403 2607 3482 Rex,
2666 3400 2749 3470 de

599 3505 910 3597 periculo
943 3507 1193 3573 certior
1209 3497 1459 3587 factuS,
1478 3529 1639 3574 cum
1668 3508 1936 3577 familia
1960 3531 2088 3576 sua
2110 3508 2449 3576 AEtoliam
2477 3509 2744 3598 petivit.

600 3613 858 3704 Ephori
904 3613 1469 3682 criminationem
1529 3635 1677 3680 esse
1724 3615 1967 3681 falsam
2019 3622 2533 3704 cognoverunt,
2585 3621 2655 3683 at
2690 3616 2749 3682 ei

602 3722 904 3809 spatium
940 3721 1023 3789 de
1051 3743 1123 3788 re
1154 3719 1540 3787 meditandi
1577 3719 2044 3812 reliquerunt,
2087 3744 2214 3789 nec
2255 3745 2419 3790 eum
2472 3744 2753 3790 revoca-

598 3833 855 3893 verunt
884 3835 1041 3895 ante
1071 3827 1428 3918 sequentis
1460 3826 1625 3893 anni
1651 3831 1964 3896 aestatem
1986 3830 2112 3916 (2).
2151 3826 2252 3895 Ex
2278 3852 2359 3896 eo
2400 3835 2745 3921 tempore,

603 3954 964 4021 nunquam
1002 3935 1074 4001 in
1110 3935 1586 4025 suspicionem
1638 3935 1855 4013 venit,
1900 3941 1969 4002 et
2004 3936 2454 4025 optimatibus
2495 3938 2757 4027 juvan-

604 4039 813 4121 tibus,
852 4040 1205 4109 civitatem
1235 4040 1504 4132 placide
1553 4046 1619 4108 et
1649 4043 1800 4109 sine
1850 4040 1995 4110 ullo
2047 4044 2352 4111 tumultu
2413 4042 2759 4111 adminis-

601 4146 832 4215 travit.
882 4147 1137 4215 Milites
1191 4149 1521 4217 mercede·
1570 4149 1952 4217 conductos
2007 4149 2326 4230 habebat,
2384 4152 2504 4240 qui
2551 4151 2745 4242 vulgi

664 4305 708 4355 1.
733 4306 956 4371 Poma„
984 4308 1075 4369 IV,
1102 4323 1273 4368 Lxxx1,
1307 4308 1448 4360 1-10.

659 4387 706 4437 2.
725 4387 943 4449 Pomm,
974 4389 1041 4450 V,
1063 4404 1201 4450 xxrx,
1236 4388 1317 4438 7-9
1347 4406 1360 4450 ;
1387 4404 1487 4451 κει,
1518 4389 1628 4439 1-2.
