3419 5466
1618 852 1897 888 ...θ-

782 991 903 1058 ΙΙΙ.
960 989 1423 1056 Doctissimus
1452 989 1557 1055 vir
1582 991 1813 1057 Fustel
1845 991 1926 1058 de
1959 991 2344 1082 Coulanges
2368 994 2633 1082 putavit
2664 995 2839 1061 mul-

695 1104 803 1167 tos
831 1103 1227 1190 SpartanOS,
1264 1112 1406 1168 non'
1451 1096 1679 1164 solum
1730 1104 1959 1165 sontes
1994 1106 2059 1164 et
2119 1100 2433 1188 ignaVOS‚
2476 1100 2594 1166 sed
2628 1102 2836 1168 etiam

694 1208 863 1274 istos
897 1207 1014 1297 qui
1044 1228 1165 1296 pro
1200 1204 1470 1272 civibus
1503 1226 1572 1271 se
1595 1227 1740 1272 non
1770 1211 2113 1295 gererent,
2134 1228 2251 1272 eos
2285 1207 2550 1274 scilicet
2582 1210 2835 1298 quibus

693 1315 1041 1380 tenuiores
1074 1335 1239 1403 opes
1264 1320 1489 1378 essent
1516 1333 1724 1400 quam
1755 1322 1830 1378 ut
1865 1313 2305 1402 syssitiorum
2345 1336 2541 1380 suam
2569 1319 2833 1405 partem

693 1422 1138 1497 sustinerent,
1198 1427 1319 1486 aut
1373 1439 1490 1484 eos
1547 1419 1665 1507 qui
1729 1421 2227 1486 commercium
2282 1425 2390 1487 vel
2452 1422 2833 1489 artificium

691 1534 922 1618 aperte
983 1532 1405 1602 exercerent,
1443 1524 1687 1615 capitis
1732 1524 2285 1594 deminutionem
2341 1529 2645 1604 subisse;
2687 1530 2830 1596 imo

689 1635 950 1701 multos
981 1656 1124 1701 non
1154 1633 1382 1698 solum
1408 1653 1552 1698 non
1574 1630 1828 1698 vitasse
1852 1632 1970 1698 sed
2001 1635 2400 1721 quaesivisse
2437 1635 2826 1718 infamiam,

690 1764 826 1830 qua
857 1741 1162 1807 conditio
1211 1737 1491 1804 vivendi
1534 1737 1921 1827 expeditior
1962 1740 2156 1805 fieret
2200 1741 2319 1828 (1).
2359 1742 2509 1809 Hoc
2569 1742 2832 1810 dictum

690 1848 898 1915 nobis
964 1848 1237 1914 videtur
1301 1844 1865 1911 immoderatum.
1922 1845 2293 1913 Infamiam
2378 1872 2417 1915 a
2476 1849 2833 1938 Spartanis

689 1956 1050 2043 quaesitam
1102 1976 1248 2019 esse
1296 1951 1471 2017 nihil
1527 1951 1717 2018 enim
1776 1952 2101 2020 ostendit.
2160 1954 2508 2022 Praeterea
2557 1957 2831 2023 civitate

688 2083 1110 2152 quemquam
1159 2059 1447 2126 omnino
1502 2058 1662 2124 exui
1740 2058 2106 2126 insolitum
2161 2068 2309 2127 erat
2366 2088 2380 2127 ε
2464 2062 2833 2155 plerosque

685 2168 976 2235 infames
1006 2165 1298 2253 (ἀτίμους)
1334 2187 1475 2231 non
1509 2164 1791 2255 quidem
1827 2165 1898 2231 in
1926 2167 2198 2233 civibus
2231 2169 2493 2258 optimo
2520 2170 2677 2258 jure
2714 2170 2832 2261 qui

682 2276 1111 2342 vocabantur
1168 2277 1374 2339 Pares
1419 2272 1683 2360 (ὅμοιοι),
1719 2280 2024 2339 attamen
2090 2274 2162 2339 in
2214 2276 2487 2342 civibus
2550 2277 2830 2344 habitos

685 2404 831 2449 esse
861 2382 1210 2449 credimus
1268 2380 1390 2466 (2).
1449 2378 1683 2458 Quum
1739 2379 1810 2444 in
1877 2402 2169 2448 numero
2224 2383 2831 2473 septingentorum

681 2491 1186 2579 Spartanorum
1215 2511 1254 2553 a
1284 2484 1663 2553 Plutarcho
1715 2485 1984 2575 prolato
2033 2510 2176 2554 non
2208 2475 2441 2555 solum
2471 2494 2683 2556 Pares
2712 2490 2832 2557 sed

686 2597 921 2675 etiam,
981 2602 1058 2662 ut
1112 2593 1308 2661 nobis
1368 2591 1670 2668 videtur,
1727 2592 1912 2659 cives
1986 2597 2174 2661 exuti
2239 2596 2476 2685 aliqua
2533 2596 2831 2663 civitatis

680 2709 872 2794 parte
904 2700 1286 2793 reponendi
1318 2699 1480 2780 sint,
1520 2698 1767 2766 doctus
1816 2699 2032 2791 igitur
2058 2703 2294 2770 Fustel
2323 2703 2405 2770 de
2441 2703 2833 2795 Coulanges

683 2833 807 2877 cur
861 2832 1006 2877 non
1063 2808 1362 2899 amplius
1421 2806 1840 2896 septingenti
1906 2816 2134 2876 essent
2190 2810 2374 2877 cives
2430 2834 2573 2878 non
2625 2811 2829 2878 nobis

682 2916 1033 2984 rationem
1061 2916 1383 2985 reddidit.

773 3023 1137 3092 Credimus
1161 3032 1393 3094 tamen
1426 3026 1654 3117 legem
1685 3024 2390 3094 Lacedaemoniorum
2415 3023 2499 3090 ad
2536 3026 2831 3092 Dorien-

684 3152 830 3197 sem
915 3132 1232 3199 ordinem
1309 3133 1867 3201 exhauriendum
1951 3153 2095 3197 non
2173 3153 2419 3220 parum
2492 3133 2827 3199 momenti

680 3238 1027 3306 habuisse.
1063 3240 1260 3321 Nam,
1299 3240 1480 3308 dicat
1506 3241 1669 3307 licet
1692 3238 2082 3307 ‘historicus
2117 3260 2324 3327 quem
2358 3238 2820 3330 antescripsi,

682 3345 871 3413 haud
921 3339 1216 3412 dubium
1253 3354 1355 3414 est
1406 3348 1575 3433 quin
1613 3346 1946 3438 Spartani'
1975 3345 2153 3410 inter
2205 3346 2421 3411 Pares
2472 3347 2824 3413 numerari

677 3451 1126 3519 vehementer
1159 3460 1488 3542 cuperent
1515 3461 1582 3520 et
1614 3453 1778 3520 illos
1811 3452 2104 3542 puderet
2132 3450 2214 3518 de
2236 3451 2452 3541 gradu
2475 3475 2636 3520 cum
2666 3475 2825 3542 pos-

677 3558 842 3625 teris
876 3559 1020 3625 suis
1046 3561 1467 3650 paupertatis
1496 3567 1704 3627 causa
1736 3559 1969 3649 dejici.
2009 3559 2250 3647 Itaque
2286 3558 2604 3648 Spartani
2632 3558 2727 3626 ita
2754 3581 2824 3625 se

673 3727 812 3787 XIX,
843 3726 1019 3786 70).-
1042 3728 1321 3786 Leonida3‚
1357 3731 1421 3779 de
1450 3743 1551 3793 quo
1590 3729 1743 3778 nobis
1768 3730 2042 3778 dicendum
2064 3730 2161 3787 est,
2178 3727 2312 3789 apud
2340 3728 2616 3776 Persarum
2642 3741 2823 3789 regem

673 3806 726 3855 in
752 3807 954 3856 deliciis
981 3809 1071 3857 diu
1101 3810 1291 3857 mansit
1316 3810 1526 3872 (Pru-r„
1559 3809 1707 3873 Aqis,
1734 3808 1821 3868 111,
1844 3808 1912 3873 6).

736 3886 788 3937 1.
822 3890 1025 3937 Fus‘rm„
1053 3904 1118 3938 ne
1147 3888 1480 3947 Communes,
1506 3903 1595 3952 op.
1627 3890 1741 3949 cit„
1773 3903 1830 3951 p.
1863 3888 1955 3938 103
1980 3892 2030 3937 et
2049 3902 2159 3949 seq.

735 3966 784 4016 2.
817 3966 1127 4017 Doctissimo
1164 3969 1269 4018 viro
1292 3968 1468 4018 Fustel
1491 3970 1554 4019 de
1577 3968 1975 4030 Coulangesfuit
2003 3969 2269 4030 praecipuo
2294 3971 2602 4026 argumento
2626 3969 2829 4034 Thucy·

677 4046 810 4096 didis
829 4047 976 4096 locus
1001 4049 1059 4098 de
1090 4049 1359 4112 Spartanis
1376 4049 1689 4111 Sphacteriae
1739 4051 1899 4111 captis
1930 4052 1982 4098 et
2028 4050 2192 4110 capite
2228 4048 2506 4096 deminutis
2534 4049 2826 4110 (THUCYD.‚

673 4129 736 4188 V,
767 4127 867 4191 34).
893 4126 998 4177 Sed
1024 4131 1078 4177 ut
1098 4130 1208 4189 ipse
1239 4130 1422 4178 fatetur
1448 4129 1521 4192 (p.
1553 4128 1663 4190 103,
1703 4130 1799 4178 suh
1834 4145 1885 4178 n.
1912 4129 1977 4191 1),
2017 4148 2046 4173 α
2088 4129 2135 4177 16
2171 4142 2398 4190 passage
2447 4129 2511 4178 de
2530 4129 2834 4193 Thucydide

677 4227 704 4251 α
737 4208 934 4257 semble
960 4207 1199 4269 indiquer
1227 4209 1343 4271 qu’a
1376 4209 1560 4271 Sparte
1588 4209 1626 4258 il
1651 4225 1684 4273 y
1718 4211 1855 4259 avait
1885 4210 1977 4257 des
2010 4210 2200 4269 degi-es
2240 4209 2367 4256 dans
2387 4207 2597 4258 l'atimie
2621 4228 2665 4257 ».
2700 4209 2816 4259 Prae

676 4291 836 4349 terea,
868 4289 968 4337 illis
995 4287 1261 4350 Spartanis
1291 4289 1552 4340 infamiam
1589 4291 1777 4340 deinde
1802 4290 2020 4338 levatam
2044 4303 2160 4338 esse
2181 4289 2278 4338 fert
2300 4288 2657 4351 Thucydides.
2685 4290 2833 4338 Adeo

676 4370 852 4432 capitis
882 4369 1294 4418 deminutionem
1334 4370 1614 4420 horrebant
1648 4372 1700 4420 et
1735 4370 1809 4418 illi
1844 4374 1931 4433 qui
1965 4384 2077 4419 eam
2112 4368 2353 4418 subibant
2384 4371 2435 4418 et
2483 4369 2557 4417 illi
2599 4369 2686 4432 qui
2720 4382 2832 4419 eam

675 4449 948 4501 edicebant
972 4451 982 4497 1
