3419 5466
1597 766 1918 824 -29—

682 944 718 980 <t
765 922 1091 991 ἐστασίαζον
1122 927 1263 1006 πρὸς
1292 926 1679 1001 σφᾶς,πάντες
1700 924 2197 1004 ὑπολαμβάνοντες
2222 931 2339 987 ἴσον
2364 933 2553 996 αὺτοῖς
2584 938 2826 1010 μετεῖναι

688 1053 722 1088 <<
766 1039 877 1105 τῆς
904 1036 1196 1099 πολιτείας
1227 1052 1260 1092 >>
1299 1024 1420 1111 (1).
1442 1025 1725 1112 Erg0,si
1760 1023 2051 1112 Polybio
2084 1026 2330 1107 crediS‚
2368 1029 2573 1094 citius
2605 1029 2823 1118 Spar-

674 1131 819 1195 tani
857 1128 1253 1196 libertatem
1302 1135 1497 1196 erant
1523 1131 1879 1199 consecuti
1934 1153 2141 1220 quam
2192 1156 2231 1199 a
2265 1134 2565 1200 tumultu
2598 1136 2821 1202 absti—

672 1259 836 1303 nere
864 1242 1164 1321 possent.
1202 1239 1433 1318 Quam
1483 1236 1896 1302 sententiam
1939 1260 2080 1304 non
2114 1239 2185 1304 in
2213 1246 2439 1307 totum
2473 1243 2813 1332 approba-

668 1365 851 1409 mus.
960 1344 1279 1410 Profecto
1371 1343 1657 1433 quidem
1760 1341 2188 1422 Cleomenes,
2304 1351 2420 1435 qui
2518 1349 2811 1438 superbe

667 1451 1153 1540 imperaverat,
1206 1472 1347 1516 non
1394 1452 1541 1540 jam
1585 1473 1879 1518 summae
1937 1475 2172 1519 rerum
2236 1465 2548 1543 praeerat.
2581 1458 2695 1538 At,
2732 1480 2814 1526 eo

665 1558 927 1647 fugato,
987 1558 1379 1648 respublica
1427 1558 1810 1624 rectoribus
1886 1581 2029 1625 non
2084 1560 2250 1626 orba
2296 1562 2449 1628 fuit.
2508 1564 2808 1651 Ephoris

668 1664 857 1730 enim
880 1665 1215 1731 restitutis
1231 1665 1590 1754 pristinam
1610 1671 2021 1755 potestatem
2035 1689 2173 1732 non
2190 1667 2487 1736 defuisse
2511 1671 2812 1738 maxime

665 1778 871 1861 patet,
915 1772 1080 1862 quia
1135 1770 1382 1838 deinde
1437 1770 1859 1838 seditionum
1922 1773 2379 1841 concitatores
2429 1776 2534 1842 bis
2588 1779 2805 1845 coacti

664 1884 830 1944 suut
854 1879 1152 1969 ephoros
1185 1877 1595 1963 interficere,
1619 1888 1696 1944 ut
1720 1879 2169 1947 succederent
2195 1904 2394 1948 novae
2424 1905 2530 1949 res
2556 1884 2805 1973 quibus

661 1985 735 2051 hi
765 1986 1360 2075 repugnavissent.
1406 1985 1585 2077 Ergo
1633 2007 1927 2053 summae
1976 2010 2211 2054 rerum
2262 1996 2594 2078 praeerant
2622 1992 2805 2081 opti-

659 2097 907 2167 mates3
961 2101 1027 2159 at
1091 2092 1377 2181 quidem
1438 2114 1582 2157 non
1641 2093 1792 2159 siue
1854 2093 2114 2176 labore,
2179 2117 2306 2161 nec
2365 2096 2437 2161 in
2487 2096 2798 2187 longum.

658 2199 896 2266 Partes
948 2200 1131 2265 enim
1188 2205 1402 2277 erant,
1464 2221 1701 2264 rerum
1781 2201 2436 2285 commutandarum
2503 2204 2798 2294 cupidae,

659 2330 809 2396 quae
842 2330 985 2373 non
1020 2311 1243 2374 solum
1269 2306 1425 2395 jure
1455 2328 1652 2395 pares
1686 2329 1933 2374 omnes
1966 2310 2148 2376 cives
2179 2311 2426 2390 facere,
2455 2311 2573 2377 sed
2604 2335 2804 2400 reges

657 2414 1047 2496 restituere,
1107 2413 1566 2480 Macedonum
1610 2413 1786 2500 jugo
1829 2437 1899 2480 se
1950 2415 2245 2483 liberare
2301 2424 2366 2484 et
2397 2419 2798 2508 reipublicae

653 2520 1064 2608 dignitatem
1120 2521 1473 2611 antiquam
1527 2517 1842 2600 reddere,
1875 2545 1963 2589 ne
2020 2524 2241 2590 multa
2286 2526 2369 2589 ad
2404 2524 2799 2592 Cleomenis

653 2629 944 2694 consilia
988 2629 1243 2694 reverti
1293 2626 1580 2708 vellent;
1636 2633 1965 2707 ceterum,
2032 2632 2368 2722 quamdiu
2418 2655 2538 2697 rex
2596 2631 2794 2714 vixit,

652 2736 840 2803 hunc
878 2736 1126 2802 ducem
1160 2736 1554 2806 habuerunt
1585 2747 1650 2808 et
1703 2742 1774 2807 in
1821 2739 2115 2826 patriam
2170 2761 2617 2806 reversurum
2650 2763 2798 2808 esse

651 2854 1103 2932 speraverunt
1133 2844 1253 2933 (2).
1310 2845 1720 2915 Cleomenes
1780 2848 1925 2937 ipse
1979 2845 2304 2912 omnibus
2339 2847 2603 2913 viribus
2637 2871 2802 2915 con-

652 2950 872 3016 tendit
901 2955 980 3015 ut
1031 2952 1102 3016 in
1137 2950 1477 3020 Graeciam
1531 2956 1813 3032 rediret,
1853 2960 1916 3021 et
1977 2952 2162 3019 haud
2220 2955 2522 3019 multum
2578 2955 2797 3021 abfuit

653 3058 821 3147 quin
857 3056 941 3124 ab
990 3057 1456 3147 AEgyptorum
1506 3084 1667 3151 rege
1725 3061 2098 3129 exercitum
2152 3060 2590 3149 impetraret;
2630 3068 2797 3128 tunc

654 3173 885 3233 autem
936 3167 1183 3233 accidit
1236 3177 1314 3233 ut
1365 3168 1793 3236 Ptolemaeus
1841 3172 2181 3256 Evergeta
2232 3167 2547 3235 interiret
2596 3170 2793 3260 eique

651 3272 1053 3341 succederet
1105 3274 1526 3342 Ptolemaeus
1596 3276 2032 3366 Philopator,
2093 3275 2197 3342 vir
2242 3275 2312 3341 in
2362 3262 2793 3365 voluptatem
2839 3272 2843 3275 ⁴

707 3500 752 3547 1.
791 3499 1008 3558 Poma„
1043 3498 1132 3558 IV,
1165 3514 1292 3558 xx11,
1325 3497 1437 3547 3-4.
1476 3499 1607 3558 Quid
1643 3499 1898 3563 Polybius
1933 3499 2013 3547 his
2045 3498 2216 3548 verbis
2247 3499 2607 3559 significaverit
2653 3500 2787 3549 haud

647 3580 843 3629 clarum
876 3580 1095 3627 videtur.
1132 3581 1311 3629 Utrum
1343 3592 1523 3627 omnes
1546 3578 1946 3636 Lacedaemonii,
1974 3579 2028 3627 id
2050 3573 2140 3628 'est
2169 3579 2413 3627 Laconiae
2445 3580 2648 3638 incolae,
2674 3581 2791 3628 civi·

642 3664 746 3709 tate
774 3661 952 3709 donari
980 3664 1029 3708 et
1059 3659 1177 3721 jure
1211 3672 1361 3721 pares
1390 3673 1524 3717 esse,
1559 3673 1625 3709 an
1649 3659 1783 3707 cives
1809 3658 2068 3721 Spartani
2102 3660 2151 3707 in
2189 3660 2451 3707 consortio
2493 3660 2787 3719 reipublicae

643 3754 791 3803 aeque
821 3754 939 3788 esse
969 3741 1093 3789 etin
1125 3740 1323 3788 cunctis
1350 3739 1636 3788 honoribus
1674 3740 1868 3788 versari
1892 3740 2148 3788 voluerint
2182 3740 2399 3787 dubitari
2430 3743 2618 3801 potest.
2652 3760 2680 3783 «
2716 3740 2785 3789 Οἱ

641 3820 1035 3884 Λακεδαιμόνιοι
1064 3836 1086 3865 υ
1111 3823 1190 3869 est
1212 3820 1508 3880 perplexum
1535 3821 1757 3876 verbum,
1792 3821 2051 3882 praecipue
2078 3820 2211 3882 apud
2235 3820 2531 3880 Polybium;
2558 3822 2788 3869 ceterum

642 3900 866 3951 πολιτεία
895 3901 947 3948 in
979 3901 1108 3949 duas
1141 3901 1422 3950 sententias
1443 3901 1603 3963 accipi
1632 3903 1836 3963 potest:
1871 3901 1969 3949 sub
1999 3901 2095 3948 hac
2133 3914 2259 3949 voce
2300 3903 2437 3947 enim
2472 3903 2559 3948 aut
2597 3901 2787 3950 civitas

641 3981 748 4043 (jus
779 3981 990 4039 civium)
1048 3984 1135 4029 aut
1170 3980 1474 4044 respublica
1512 3980 1849 4041 intelligenda
1896 3984 1993 4029 est.
2025 3983 2091 4031 At
2134 3981 2343 4043 perioeci
2376 3983 2427 4029 et
2466 3981 2607 4030 ilotae
2656 3982 2786 4030 civi-

642 4062 797 4110 tatem
840 4062 964 4110 tunc
1021 4059 1273 4122 cupivisse
1320 4076 1424 4109 non
1468 4062 1742 4118 videntur,ae
1790 4062 2048 4122 posterius
2097 4064 2250 4120 enim,
2299 4064 2506 4124 quando
2556 4077 2673 4122 spes
2721 4064 2784 4110 ad

643 4142 879 4191 effectum
909 4143 1166 4191 adducere
1195 4146 1484 4206 potuerunt,
1515 4144 1816 4193 societatem
1844 4144 1923 4191 sui
1942 4143 2076 4206 juris
2105 4144 2468 4192 formaverunt.
2486 4144 2640 4201 Ergo,
2666 4157 2784 4192 meo

635 4225 855 4288 judicic,
879 4223 1128 4286 Polybius
1165 4225 1496 4280 optimatibus
1531 4225 1594 4273 ab
1629 4223 1891 4282 Antigono
1920 4225 2171 4274 restitutis
2215 4227 2419 4290 ceteros
2452 4225 2588 4272 cives
2628 4237 2781 4272 aemu-

643 4307 775 4356 latos
800 4306 957 4354 fuisse
981 4304 1306 4367 significavit.

700 4388 749 4439 2.
787 4387 1003 4446 Poma,
1031 4386 1117 4444 IV,
1148 4401 1301 4447 xxxv,
1336 4388 1382 4436 6.
