3419 5466
1575 750 1895 808 -ωὸ-

1699 790 1733 806 fl

659 914 801 973 tem
824 906 1276 995 gubernaturi
1306 914 1520 975 erant.
1543 905 1898 974 Cleomeni
1915 927 2078 972 vero
2104 911 2168 972 et
2196 906 2349 994 ejus
2372 907 2565 973 fratri
2586 929 2798 976 nemo

660 1013 1019 1079 successit.
1053 1013 1383 1092 Quamvis
1444 1037 1526 1080 ex
1563 1013 1834 1081 duobus
1890 1012 2101 1102 regiis
2159 1013 2489 1104 stirpibus
2555 1021 2799 1082 neutra

662 1120 996 1186 exstincta
1029 1126 1229 1200 esset,
1273 1122 1630 1187 neminem
1678 1121 1751 1186 in
1800 1119 1986 1209 regis
2037 1120 2254 1209 fugati
2303 1120 2536 1186 locum
2582 1122 2795 1187 Anti-

660 1248 885 1316 gonus
918 1227 1232 1293 sufficere
1264 1227 1487 1293 voluit
1526 1227 1647 1316 (l),
1685 1233 1751 1293 et
1787 1226 1869 1294 de
1903 1226 2155 1317 quibus
2183 1228 2407 1293 causis
2430 1228 2564 1295 hoc
2593 1229 2797 1296 modo

663 1354 733 1398 se
762 1335 1051 1422 gesserit
1085 1334 1285 1400 facile
1328 1334 1656 1400 aestimari
1705 1340 1951 1423 potest.
2002 1333 2076 1400 Si
2119 1332 2477 1400 ‘Cleomeni
2530 1357 2801 1402 succes·

664 1462 891 1507 sorem
920 1440 1219 1509 dedisset
1253 1442 1566 1531 dignum,
1612 1440 1725 1506 hic
1769 1441 2059 1507 fortasse
2095 1441 2278 1506 bella
2322 1456 2386 1507 et
2435 1463 2652 1508 novas
2690 1465 2799 1509 res

665 1546 1028 1614 remolitus
1053 1555 1260 1623 esset;
1301 1549 1357 1614 si
1410 1548 1803 1636 indignum,
1849 1548 2326 1613 vehementius
2356 1547 2800 1616 Lacedaemo-

663 1653 945 1720 niorum
978 1655 1248 1722 animos
1283 1656 1423 1744 jam
1467 1660 1855 1720 commotos
1910 1653 2332 1721 incendisset
2376 1654 2495 1742 (2).
2542 1695 2629 1705 —
2669 1657 2800 1722 Pa·

664 1763 968 1828 tronomi
1025 1767 1256 1827 autem
1307 1785 1346 1828 a
1386 1762 1756 1829 Cleomene
1807 1760 2019 1845 creati
2070 1760 2623 1851 perduraverunt
2673 1762 2794 1851 (3).

662 1868 952 1957 —Ergo
980 1869 1341 1958 pristinam
1385 1867 1680 1934 civitatis
1721 1868 2019 1934 formam
2064 1890 2207 1933 non
2252 1866 2455 1957 plane
2497 1869 2802 1934 restituit

662 1975 1081 2064 Antigonus,
1119 1977 1302 2041 Num
1323 1976 1569 2041 saltem
1593 1973 2046 2065 optimatibus
2071 1974 2527 2040 Doriensibus
2555 1975 2805 2041 faverit

661 2086 728 2147 et
760 2104 866 2147 res
899 2081 1168 2172 aliquas
1206 2082 1551 2171 praecipue
1575 2080 1846 2148 dederit
1876 2081 2329 2170 quaerendum
2358 2087 2481 2148 est.

754 2188 1086 2255 Historici
1102 2188 1368 2279 antiqui
1386 2211 1530 2255 non
1545 2189 1916 2277 diligenter
1935 2196 2406 2278 exposuerunt
2428 2189 2545 2275 qui
2562 2191 2631 2253 fu
2645 2189 2796 2265 erit,

663 2296 1002 2384 Antigoni
1036 2318 1189 2386 ope,
1227 2296 1526 2363 civitatis
1552 2303 1792 2378 statm,
1830 2319 1986 2384 quae
2020 2294 2301 2363 vincula
2333 2296 2591 2361 fuerint
2623 2317 2804 2360 com-

665 2408 897 2469 munis
930 2405 1113 2483 vitae,
1169 2426 1303 2493 qua
1348 2403 1745 2470 conditione
1801 2427 1967 2470 usus
2020 2404 2110 2469 sit
2144 2405 2437 2494 quisque
2474 2404 2803 2470 ordinum

665 2509 1376 2577 Lacedaemoniorum.
1414 2510 1834 2599 AntigonuS,
1869 2516 1949 2577 ut
1972 2510 2174 2577 nobis
2208 2510 2502 2586 videtur,
2546 2510 2807 2577 incola-

667 2639 824 2682 rum
853 2616 1385 2706 descriptionem
1419 2615 1503 2681 ad
1529 2617 1902 2706 pristinum
1934 2623 2186 2683 statum
2231 2624 2620 2683 restaurare
2662 2639 2805 2683 non

666 2724 914 2815 potuit.
936 2725 993 2790 H
1003 2723 1136 2791 aud
1161 2725 1348 2791 enim
1372 2723 1664 2791 dubium
1681 2729 1784 2791 est
1805 2725 1972 2814 quin
1994 2723 2225 2791 liberti
2243 2724 2493 2815 reliqui
2521 2748 2604 2792 ex
2620 2723 2803 2791 bello

667 2831 737 2897 in
770 2832 1085 2898 libertate
1120 2832 1623 2922 permanserint
1651 2831 1891 2920 (4).Ex
1926 2831 2063 2898 alia
2087 2838 2274 2921 parte
2310 2831 2713 2899 Cleomenes
2732 2832 2804 2898 in

662 2937 1020 3005 civitatem
1079 2955 1433 3027 receperat
1486 2937 1747 3004 multos
1792 2938 2133 3028 perioecos
2196 2939 2308 3005 vel
2371 2939 2796 3028 peregrinos,

669 3046 868 3111 Multi
914 3052 1144 3112 autem
1197 3045 1378 3112 cives
1441 3046 1511 3110 in
1565 3044 1773 3127 bello,
1845 3045 2196 3135 praecipue
2261 3044 2346 3110 ad
2407 3044 2796 3126 Sellasiam,

666 3154 1023 3242 perierunt
1058 3153 1152 3242 (ὃ)
1184 3179 1197 3228 ;
1242 3152 1515 3242 pristini
1537 3153 1751 3241 igitur
1774 3150 1983 3233 οἰνος,
2014 3153 2132 3241 qui
2154 3153 2573 3243 septingenti
2604 3160 2796 3218 erant

667 3259 908 3348 Agidis
937 3265 1271 3349 tempore,
1336 3261 1692 3348 pauciores
1738 3258 1901 3325 facti
1961 3264 2149 3339 sunt,
2204 3282 2428 3348 quum
2473 3260 2805 3349 (exceptis

729 3474 772 3521 1.
806 3473 1027 3532 Poma,
1060 3473 1146 3532 IV,
1182 3488 1304 3527 xxu,
1339 3473 1396 3530 43
1424 3487 1596 3532 xxxw,
1627 3472 1674 3520 5.

724 3553 774 3602 ⁶2.
809 3553 882 3604 Cf.
916 3553 1177 3612 PAUSAN.,
1238 3553 1300 3610 ΙΙ,
1344 3568 1412 3610 IX,
1453 3554 1484 3601 3
1513 3568 1531 3602 2
1583 3571 1610 3597 ⁴<
1659 3554 2053 3617 Λακεδαιμόνιοι
2108 3554 2175 3613 δὲ,
2236 3554 2446 3618 ἄσμενοι
2490 3554 2809 3617 Κλεομένους

659 3655 691 3678 «
723 3636 1106 3699 ἀπαλλαγέντες,
1143 3634 1493 3697 βασιλεύεσθαι
1531 3633 1614 3697 μὲν
1649 3633 1814 3683 οὐκέτι
1844 3633 2089 3695 ἠξίωσαν.
2123 3653 2149 3677 »
2178 3634 2266 3682 Sic
2286 3635 2575 3683 sentiebant
2604 3634 2808 3682 solum-

664 3717 819 3764 modo
856 3718 1147 3776 optImates.

725 3794 772 3844 3.
805 3795 871 3844 V.
904 3810 1059 3857 supra
1082 3811 1131 3856 p.
1156 3795 1234 3843 21.

727 3877 774 3924 4.
808 3876 965 3924 Forte
999 3876 1232 3923 vixerunt
1254 3875 1388 3922 inter
1424 3875 1679 3936 perioecos
1715 3874 1795 3923 vol
1848 3874 2218 3923 neodamodaS.
2264 3873 2337 3922 De
2382 3874 2724 3922 neodamodis
2755 3888 2805 3923 v,

668 3957 787 4018 quid
820 3956 1041 4004 senserit
1065 3957 1394 4012 SCHOEMANN,
1428 3955 1609 4017 Antiq.
1641 3954 1921 4017 Grecqueffi
1955 3953 1993 4013 Ι,
2020 3953 2243 4003 233-234.

729 4037 776 4084 5.
818 4037 1001 4092 puna,
1057 4035 1269 4094 oleum„
1317 4050 1502 4095 xxvm,
1535 4035 1564 4081 3
1597 4049 1664 4082 z«
1705 4035 2007 4085 Ἀποθανεῖν
2052 4034 2104 4085 δὲ
2138 4036 2356 4085 καὶτῶν
2399 4036 2550 4092 ξένων
2595 4035 2811 4093 πολλοὺς

670 4135 699 4159 «
729 4116 934 4180 λέγουσι
955 4117 1042 4166 καὶ
1066 4115 1498 4179 Λακεδαιμονίους
1519 4114 1742 4173 ἅπαντας
1764 4115 1891 4177 πλὴν
1914 4114 2186 4166 διακοσίων
2209 4116 2580 4181 ἑξακισχιλίους
2601 4116 2764 4172 ὄντας.
2782 4134 2812 4157 ²·

671 4196 803 4246 Cum
845 4197 1091 4245 DROYSEN
1129 4197 1144 4257 (
1179 4195 1242 4253 ΙΙ,
1274 4196 1407 4259 58¹),
1448 4209 1723 4243 numerum
1767 4210 1795 4244 a
1839 4194 2121 4245 Plutarcho
2162 4200 2370 4245 auctum
2409 4210 2525 4245 esse
2554 4200 2809 4257 putamus,

669 4277 799 4335 Quae
831 4281 1002 4324 tamen
1035 4276 1281 4337 Polybius
1313 4279 1516 4325 enarrat
1537 4289 1765 4338 pugnam
1794 4275 1957 4324 fuisse
1989 4283 2252 4325 cruentam
2286 4281 2334 4324 et
2359 4276 2552 4325 multos
2584 4276 2816 4325 Lacedae·

674 4359 876 4406 monios
902 4371 1018 4405 esse
1052 4358 1257 4405 occisos
1288 4358 1666 4406 demonstrant.
1703 4357 1939 4420 (Poma,
1969 4356 2031 4414 11,
2065 4360 2387 4416 mvn-Lux.)
