3419 5466
1519 757 1800 814 -8-

596 938 753 1007 quae
778 917 852 983 in
882 915 1075 982 nullo
1107 914 1361 1004 scripto
1395 919 1551 982 ante
1580 913 1880 980 alterum
1931 914 2268 982 saeculum
2307 914 2561 982 tradita
2608 922 2731 993 est,

590 1023 800 1115 paulo
830 1040 989 1090 ante
1020 1020 1263 1111 Agidis
1293 1026 1569 1089 aetatem
1601 1043 1641 1087 a
1672 1019 2109 1111 philosophis
2143 1021 2369 1088 fictam
2406 1045 2553 1089 esse
2594 1045 2737 1090 cre-

589 1130 847 1213 dimuS,
907 1151 1125 1219 quum
1181 1127 1365 1195 mala
1411 1128 1517 1194 sui
1575 1128 1911 1218 temporis
1973 1150 2153 1218 aegre
2209 1134 2610 1219 paterentur
2674 1135 2741 1196 et

587 1240 854 1305 veteres
886 1234 1287 1302 beatissime
1324 1234 1580 1301 vixisse
1635 1239 1867 1300 mente
1909 1235 2348 1325 conciperent
2392 1236 2514 1326 (1).
2549 1235 2737 1315 Quid

588 1344 898 1411 mirum?
927 1343 1083 1409 Non
1115 1341 1316 1408 aliter
1342 1340 1683 1408 Isocrates
1714 1341 2264 1408 Atheniensium
2294 1342 2528 1432 priora
2562 1348 2734 1410 tem-

586 1471 762 1541 pora
792 1449 966 1516 salso
999 1447 1387 1515 edisseruit.
1425 1447 1484 1513 N
1492 1469 1582 1514 on
1612 1446 1826 1535 aliter·
1846 1453 2160 1515 auctores
2194 1447 2477 1539 quidam
2512 1450 2736 1516 aetatis

588 1560 868 1633 nostrae,
888 1555 1068 1622 inter
1099 1577 1273 1644 quos
1305 1553 1410 1620 illi
1439 1555 1557 1645 qui
1586 1553 1954 1621 socialistae
1981 1560 2341 1632 vocantur,
2378 1555 2627 1647 privati
2658 1579 2735 1623 ac

592 1664 896 1752 separati
946 1665 1095 1746 agri
1145 1661 1342 1753 apud'
1391 1661 1803 1728 veterrimos
1866 1662 2248 1752 Europaeos
2294 1662 2473 1728 nihil
2522 1663 2734 1730 fuisse

593 1769 1234 1858 asseverant(2).Ex
1265 1767 1623 1835 Plutarchi
1657 1768 1860 1835 dictis
1884 1769 2016 1836 hoc
2030 1769 2259 1836 solum
2294 1770 2739 1860 perspicuum

546 1948 547 1951 ,
595 1882 696 1945 est
753 1877 972 1965 Dores
1025 1875 1345 1942 Laconiae
1406 1875 1708 1941 subactae
1766 1882 2030 1964 partem
2093 1876 2393 1943 feracem
2435 1878 2617 1944 inter
2668 1900 2739 1945 se

598 1982 943 2061 divisisse,
994 1989 1062 2050 et
1100 1983 1362 2073 praedia
1401 1983 1743 2072 cujusque
1785 1980 2074 2048 familiae
2117 1982 2480 2051 individua
2525 1984 2742 2051 fuisse

594 2112 723 2158 nec
755 2091 827 2157 in
857 2090 1333 2180 mancipatum
1387 2088 1659 2156 venisse
1694 2089 1818 2178 (3),
1853 2112 1935 2156 ex
1986 2090 2494 2157 consuetudine
2552 2114 2743 2159 sacra

598 2197 781 2264 inter
832 2219 1071 2264 omnes
1118 2202 1383 2263 veteres
1441 2196 1717 2263 Graecos
1780 2206 2057 2286 recepta
2119 2196 2239 2284 (4),
2283 2219 2323 2263 a
2386 2196 2750 2288 Spartanis

599 2326 765 2371 vero
789 2304 1051 2371 diutius
1084 2325 1292 2394 quam
1328 2302 1412 2369 ab
1445 2301 1599 2369 aliis
1634 2308 1928 2369 servata.

670 2518 717 2566 1.
771 2517 1038 2567 Praeterea
1081 2516 1385 2567 Plutarchus
1425 2516 1670 2577 pristinos
1719 2517 2007 2579 Spartanos
2057 2518 2144 2565 diu
2197 2531 2380 2579 passos
2420 2530 2537 2566 esse
2568 2519 2748 2568 cadem

611 2612 729 2662 quae
760 2598 1003 2660 Spartani
1046 2598 1229 2657 Agidis
1283 2597 1466 2657 aetatis,
1503 2611 1696 2660 eosque
1747 2597 1954 2658 deinde,
2009 2597 2238 2659 Lycurgi
2280 2598 2550 2657 beneflciO‚
2599 2599 2750 2647 beate

602 2680 793 2729 vixisse
812 2678 1046 2728 affirmat.
1083 2677 1198 2736 Quo
1222 2678 1387 2737 magis
1423 2678 1746 2726 credendum
1759 2680 1839 2726 est
1870 2679 2186 2742 Lycurgeam
2203 2679 2312 2740 agri
2338 2679 2750 2740 assignationem

607 2776 635 2811 a
662 2761 984 2824 philosophis
1011 2759 1147 2809 tertii
1177 2759 1353 2809 saeculi
1380 2760 1643 2808 inventam
1671 2772 1808 2808 esse.

665 2839 716 2890 2.
767 2840 833 2890 V.
876 2843 1213 2900 POEHLMANN,
1259 2852 1339 2902 op.
1374 2839 1490 2900 cic„
1541 2853 1592 2900 p.
1643 2838 1887 2889 144-145.
1943 2838 2084 2890 Satis
2109 2843 2312 2890 constat
2357 2840 2541 2903 quibus
2580 2841 2754 2889 nervis

612 2920 791 2971 Fustel
825 2921 890 2969 de
922 2920 1211 2980 Coulanges
1238 2919 1375 2968 hunc
1395 2932 1623 2968 errorem
1646 2919 1964 2968 refutaverit.

668 3000 718 3052 3.
750 3003 959 3051 Fus‘rm.
988 3015 1053 3050 niz:
1088 3002 1419 3060 CoumNGES,
1445 3001 1613 3049 Nouo.
1639 2998 1975 3060 Reclzerckese,
2000 3014 2052 3062 p.
2080 2999 2160 3060 96,
2192 2998 2272 3049 98.
2318 3027 2382 3037 —
2411 3001 2475 3051 G.
2510 3000 2734 3051 Mamm*

608 3082 680 3131 La
712 3096 896 3145 propr.
928 3080 1162 3138 fone-iere
1186 3080 1221 3129 ὰ
1236 3079 1442 3143 Sparte
1463 3078 1605 3145 (Rev.
1647 3080 1713 3129 de
1738 3079 1771 3129 Ζ*
1775 3080 1943 3129 Instr.
1976 3079 2128 3143 publ.
2158 3093 2222 3129 en
2243 3057 2754 3144 Bel9.,ann.1879),

613 3176 665 3224 p.
688 3161 799 3221 246,
816 3161 934 3212 249.

673 3243 723 3290 4.
753 3239 868 3289 Gite‘
889 3240 1128 3304 antique,
1153 3254 1208 3302 p.
1241 3239 1322 3289 73.
1345 3266 1409 3276 —
1434 3239 1492 3288 In
1527 3240 1814 3288 multorum
1847 3242 2077 3289 veterum
2103 3240 2411 3303 populorum
2454 3238 2536 3289 vel
2581 3239 2756 3289 silves·

614 3321 770 3370 trium
817 3321 1088 3369 hominum
1112 3320 1340 3369 moribus
1367 3319 1691 3381 hanclegem
1735 3321 1988 3369 invenias.
2036 3319 2213 3368 Unum
2259 3320 2554 3382 exemplum
2590 3334 2760 3383 pone-

615 3415 733 3450 mus
762 3418 775 3451 x
802 3419 831 3445 α
855 3400 1154 3459 Qu'aucune
1185 3402 1318 3449 terre
1349 3414 1414 3449 ne
1445 3400 1546 3450 soit
1569 3401 1771 3449 vendue
1802 3402 1831 3449 a
1857 3400 2030 3449 Tahiti
2060 3414 2165 3449 non
2193 3401 2309 3462 plus
2355 3400 2470 3463 qu’a
2501 3404 2711 3451 Moorea
2742 3417 2755 3459 ;

618 3502 648 3528 α
684 3481 839 3546 qu'on
868 3480 1025 3530 laisse
1050 3481 1099 3529 la
1129 3480 1463 3542 ter1·e;'qu’on
1493 3494 1558 3529 ne
1585 3481 1636 3529 la
1663 3481 1830 3530 vende
1859 3481 2020 3543 point,
2038 3481 2090 3529 et
2118 3481 2303 3543 qu’elle
2331 3495 2484 3543 passe
2516 3482 2580 3530 de
2602 3482 2759 3541 gene-

617 3579 645 3608 «
682 3563 848 3612 ration
881 3574 943 3609 en
975 3561 1275 3622 generation
1299 3565 1447 3610 entre
1478 3561 1554 3609 les
1584 3561 1749 3609 mains
1777 3561 1840 3609 de
1871 3574 2003 3610 ceux
2032 3561 2119 3622 qui
2149 3574 2213 3610 en
2245 3565 2363 3610 sont
2390 3561 2467 3609 los
2490 3562 2625 3609 vrais
2649 3574 2760 3624 pro-

616 3663 647 3690 «
678 3641 968 3705 prietaires.
997 3641 1266 3690 L'homme
1301 3641 1388 3704 qui
1409 3640 1715 3690 s’obstinera
1742 3643 1772 3689 a
1803 3641 1999 3690 vendre
2030 3655 2088 3690 sa
2119 3644 2254 3690 terre
2279 3643 2308 3690 a
2340 3655 2437 3688 une
2464 3644 2611 3689 autre
2638 3655 2764 3703 per-

617 3743 648 3770 «
684 3737 867 3784 sonna,
886 3736 999 3771 sera
1021 3721 1149 3784 juge
1178 3724 1229 3770 et
1246 3722 1537 3772 condamus
1558 3722 1587 3770 a
1618 3736 1831 3771 creuser
1859 3723 2137 3784 cinquante
2158 3722 2366 3770 brasses
2390 3722 2455 3770 de
2488 3724 2665 3781 route3
2693 3736 2761 3770 on

619 3820 648 3850 α
679 3805 902 3866 prendra
936 3805 1072 3852 cette
1103 3805 1235 3851 terre
1267 3801 1391 3865 qu’il
1429 3801 1621 3851 voulait
1646 3802 1862 3861 vendre,
1896 3804 1948 3851 et
1968 3802 2005 3850 il
2034 3817 2151 3852 sera
2182 3802 2340 3850 banni
2374 3816 2462 3851 sur
2485 3816 2584 3850 une
2613 3804 2763 3852 autre

620 3901 648 3930 κ
676 3887 812 3933 terre
824 3897 954 3945 pour
982 3897 1014 3946 y
1035 3883 1326 3932 demeurer.
1356 3882 1415 3932 Si
1440 3884 1523 3931 cet
1547 3884 1753 3932 homme
1776 3896 1806 3931 a
1833 3883 1926 3932 des
1950 3886 2180 3944 parentS‚
2208 3896 2275 3931 on
2300 3882 2413 3931 leur
2441 3885 2689 3932 remettra
2714 3882 2765 3932 la

621 3981 649 4010 κ
678 3967 815 4014 terre
848 3963 1164 4026 oonflsquee‚
1209 3965 1261 4012 et
1292 3963 1371 4012 s’il
1396 3977 1461 4012 ne
1486 3966 1626 4012 reste
1662 3977 1923 4025 personne
1946 3963 2009 4011 de
2032 3977 2091 4012 sa
2116 3962 2327 4020 famille,
2364 3976 2463 4024 que
2496 3963 2569 4012 lui
2601 3963 2766 4013 seule-

569 4041 572 4045 “
615 4064 646 4091 α
675 4046 836 4104 ment,
866 4057 933 4092 on
956 4043 1265 4093 remettrala
1290 4045 1425 4093 terre
1452 4046 1599 4093 entre
1624 4043 1702 4093 les
1740 4045 1904 4092 mains
1926 4043 1990 4092 de
2012 4044 2062 4092 la
2091 4044 2235 4092 reine
2267 4045 2318 4091 et
2356 4044 2422 4091 du
2460 4057 2766 4104 gouverne-

617 4142 646 4172 α
677 4128 820 4175 ment
843 4138 972 4186 pour
994 4124 1173 4186 qu'elle
1203 4138 1235 4187 y
1263 4126 1419 4174 reste.
1451 4142 1480 4168 »
1509 4124 1680 4188 (Livre
1707 4123 1801 4173 des
1835 4122 1936 4172 loia
1961 4138 2101 4186 pour
2134 4123 2190 4172 la
2233 4125 2482 4174 conduite
2513 4126 2588 4173 du
2626 4139 2765 4187 qou-

622 4207 926 4256 vernement
967 4203 1032 4254 de
1093 4204 1537 4255 Pomare-Vahine
1593 4206 1628 4254 ὰ
1682 4204 1873 4262 Tamti,
1932 4205 2072 4253 Titre
2120 4204 2233 4263 XII,
2261 4207 2370 4254 art.
2407 4205 2499 4254 1²⁸.
2538 4205 2765 4266 Papeete
2847 4245 2854 4253 .

618 4283 780 4342 1845.)
815 4285 872 4333 In
899 4284 1092 4333 tablino
1116 4284 1349 4333 avunculi
1380 4285 1557 4346 magni
1594 4285 1776 4344 nostri,
1828 4282 1994 4332 Caroli
2021 4282 2276 4344 Dutaillis,
2319 4286 2582 4347 quondam
2621 4284 2768 4334 navis

618 4365 854 4430 praefecti
877 4365 928 4414 in
952 4364 1235 4415 Oceaniam
1267 4366 1430 4426 missi,
1455 4365 1555 4416 hoc
1587 4365 1895 4428 opusculum
1922 4364 2243 4413 rarissimum
2273 4366 2587 4416 invenimus.
