3419 5466
1575 768 1671 794 .-
1715 752 1915 811 81.-

667 890 732 978 ‘<‹
769 909 1047 978 etiamsi
1078 908 1189 976 vel
1220 908 1733 976 Lacedaemonii
1759 915 1879 978 aut
1921 908 2263 978 Corinthii
2297 915 2417 977 aut
2450 909 2693 1000 Argivi
2743 909 2825 977 ab

696 1042 732 1086 ⁴<
756 1018 840 1084 iis
864 1040 933 1084 se
960 1015 1067 1105 abj
1080 1021 1441 1104 ungerent,
1473 1016 1876 1083 mirandum
1901 1016 2177 1084 Achaeis
2206 1039 2346 1083 non
2373 1039 2545 1098 esse,
2564 1017 2620 1083 si
2647 1016 2828 1083 nihil

694 1148 732 1192 <<
759 1123 845 1191 ad
876 1147 945 1191 se
974 1146 1126 1189 eam
1160 1145 1309 1189 rem
1340 1123 1686 1212 pertinere
1709 1123 1951 1190 Patres
1990 1123 2318 1191 ducerent
2338 1148 2397 1189 ».
2417 1123 2519 1189 Ita
2539 1124 2828 1191 Achaeos

694 1230 1179 1321 relinquebant
1203 1236 1268 1296 et
1291 1228 1647 1318 Spartanis
1666 1229 2058 1297 libertatem
2080 1230 2622 1320 recuperandam
2637 1252 2829 1321 paene

693 1337 1097 1406 suadebant.
2466 1404 2467 1409 ,

787 1445 888 1511 Ne
921 1443 1241 1532 Spartani
1270 1443 1406 1510 hoc
1439 1442 1735 1510 consilio
1776 1450 2159 1525 uterentur,
2209 1444 2540 1534 Lycortas
2573 1448 2827 1534 praetor

700 1551 1122 1618 Achaeorum
1178 1550 1654 1617 multitudinis
1714 1550 2091 1618 concilium
2150 1550 2399 1618 indixit
2429 1551 2827 1640 Sicyonem.

696 1659 845 1738 Quo
894 1665 972 1724 ut
1019 1660 1330 1737 ventum,
1371 1657 1943 1724 deliberationem
2000 1659 2361 1747 proposuit
2413 1657 2494 1725 de
2555 1659 2827 1727 decreto

697 1787 834 1855 quo
902 1763 1217 1852 Spartani
1278 1764 1351 1828 in
1410 1764 1814 1830 societatem
1876 1786 2322 1830 communem
2362 1764 2601 1831 inserti
2635 1769 2826 1831 erant

697 1871 1041 1938 columnae
1084 1855 1538 1938 inscribendo⁸
1571 1875 1636 1936 et
1695 1869 1778 1936 de
1815 1870 2161 1938 veteribus
2214 1870 2568 1938 exsulibus
2605 1872 2675 1936 in
2715 1894 2829 1961 pa-

694 1978 907 2045 triam
949 1976 1386 2057 reducendiS‚
1428 1977 1734 2067 exceptis
1774 1977 1980 2054 Areo,
2022 1978 2384 2045 Alcibiade
2423 1984 2488 2044 et
2541 1978 2831 2067 quibus-

697 2084 856 2152 dam
893 2083 1049 2150 aliis
1076 2083 1406 2150 adversus
1443 2083 1732 2151 Achaeos
1764 2084 2072 2173 ingratis.
2111 2080 2277 2162 Ouae
2313 2108 2351 2150 a
2393 2084 2685 2152 concilio
2715 2085 2828 2152 de-

701 2199 884 2260 creta
916 2198 1077 2257 sunt
1114 2196 1179 2257 et
1212 2191 1445 2257 statim
1478 2190 1765 2257 Senatui
1808 2190 1891 2257 ab
1920 2189 2198 2257 Achaeis
2226 2197 2292 2257 et
2320 2192 2823 2280 Spartanorum

699 2298 1120 2365 factionibus
1164 2298 1506 2363 nuntiata.
1550 2298 1782 2376 Quum
1838 2282 2078 2364 Achae‘i
2130 2298 2394 2363 Areum
2425 2304 2490 2364 et
2527 2297 2834 2364 Alcibia-

697 2405 852 2472 dem
921 2398 1401 2484 exclusissent,
1470 2402 1652 2469 hanc
1732 2402 2130 2470 facultatem
2193 2404 2485 2494 arripuit
2539 2405 2832 2471 Senatus

696 2511 1195 2602 impedimenta
1222 2509 1568 2576 inferendi
1592 2515 1658 2576 et
1698 2509 1920 2576 nodos
1952 2511 2272 2578 nectendi
2299 2535 2312 2576 ;
2346 2513 2579 2599 itaque
2606 2509 2833 2578 Cletin

697 2616 1132 2685 Diactorium
1193 2616 1521 2704 legatum,
1585 2615 1703 2705 qui
1774 2616 2053 2706 petebat
2117 2617 2390 2684 exsules
2437 2617 2826 2696 universoS‚

695 2723 976 2792 nemine
1023 2728 1335 2807 excepto,
1371 2721 1862 2806 restituendos,
1921 2723 2273 2791 exaudivit
2328 2731 2392 2790 et
2452 2725 2514 2791 ei
2566 2723 2828 2792 litteras

704 2831 914 2909 dedit,
961 2831 1211 2920 quibus
1255 2830 1551 2897 Achaeos
1596 2831 1883 2921 rogabat
1912 2831 2231 2898 omnium
2275 2832 2598 2898 exsulum
2638 2854 2833 2899 revo-

669 2940 1063 3006 cationem.
1135 2936 1418 3004 Achaet·
1445 2960 1611 3004 vero
1679 2936 1860 3004 nihil
1917 2938 2349 3007 movendum
2407 2942 2826 3005 statuerunt.

699 3046 929 3136 (Anno
955 3049 1075 3112 181
1115 3068 1176 3110 a.
1215 3043 1319 3133 C.)
1364 3044 1488 3132 (1).

785 3154 1122 3220 Senatum
1153 3173 1296 3218 non
1320 3172 1481 3217 eum
1503 3147 1876 3217 credeba'nt
1893 3150 2011 3240 qui
2046 3148 2302 3216 idcirco
2332 3151 2694 3240 negotium
2721 3152 2830 3219 fa-

700 3265 917 3333 ceret;
965 3258 1082 3325 sed
1138 3258 1480 3325 errabant.
1526 3258 1824 3323 Senatus
1881 3257 2090 3332 enim,
2152 3263 2440 3323 eventus
2494 3258 2830 3327 beneficio

696 3369 895 3433 utens
925 3363 1009 3430 ad
1040 3386 1110 3431 se
1142 3364 1348 3429 rebus
1378 3364 1780 3431 Graecorum
1810 3363 2370 3440 immiscendum‚
2392 3364 2662 3431 Achaeis
2694 3366 2835 3433 ins—

695 3471 837 3539 titit
873 3476 949 3539 ut
977 3472 1242 3537 Areum
1273 3475 1337 3536 et
1368 3468 1807 3536 Alcibiadem
1840 3469 2269 3537 reducerent.
2299 3471 2486 3536 Inter
2506 3471 2826 3553 Achaeos,

696 3579 940 3655 alii,.et
991 3578 1340 3668 praecipue
1390 3577 1827 3666 Hyperbatus
1889 3575 2455 3666 Callicratesque,
2498 3579 2830 3645 Romanis

677 3685 1018 3752 favebant
1057 3691 1123 3752 et
1170 3682 1592 3775 exsequendi
1632 3681 1820 3772 quod
1886 3683 2125 3750 Patres
2181 3684 2596 3773 scripserant
2639 3691 2834 3751 erant

696 3797 1045 3872 auctores;
1073 3791 1192 3857 alii
1213 3814 1402 3872 vero,
1420 3797 1497 3858 ut
1524 3790 1883 3880 Lycortas,
1918 3789 2308 3856 libertatem
2329 3796 2394 3856 et
2422 3790 2833 3879 dignitatem

698 3898 1119 3966 Achaeorum
1179 3898 1477 3963 retinere
1538 3895 2071 3963 contendebant.
2128 3897 2331 3963 Anno
2390 3898 2542 3975 180,
2585 3902 2835 3988 praetor

701 4005 1139 4096 Hyperbatus
1178 4003 1357 4070 hanc
1396 4026 1546 4070 rem
1589 4003 1662 4069 in
1698 4001 1996 4070 concilio
2037 4025 2279 4069 rursus
2320 4003 2562 4073 movit.
2599 4004 2835 4083 Quum

677 4113 1057 4181 sententiis
1103 4110 1545 4177 dissentirent
1598 4131 1727 4177 nec
1773 4108 2120 4199 judicium
2187 4112 2409 4177 facere
2471 4111 2826 4194 auderent,

761 4274 805 4322 1.
840 4273 1057 4331 Pomm„
1084 4272 1271 4332 XXIV,
1304 4285 1432 4330 x-XI;
1475 4256 1634 4328 XXV,
1675 4285 1712 4331 1,
1752 4270 1908 4329 5-123
1949 4285 2003 4330 11,
2043 4270 2151 4331 1-5,
2192 4270 2327 4333 9-10;
2361 4287 2435 4333 111,
2475 4272 2581 4333 1-2,
2621 4272 2731 4323 4-5.
2776 4300 2832 4311 —

700 4353 955 4415 παρα,
986 4352 1034 4413 2,
1066 4351 1144 4401 20.
1530 4374 1539 4395 .·

2519 4456 2551 4507 6
