3419 5466
1547 766 1746 823 -23
1788 799 1865 807 ....

641 927 922 1002 dicaret,
966 925 1106 1005 sed,
1138 926 1386 991 timore
1429 932 1493 991 et
1544 925 1808 990 invidia
1866 923 2326 1005 stimulatum,
2377 948 2647 992 venisse
2699 932 2781 993 ut

642 1057 878 1102 eorum
928 1032 1303 1123 potentiam
1341 1037 1672 1098 attereret
1716 1034 1838 1120 (1).
1868 1032 2209 1100 Chleneas
2249 1036 2433 1099 recte
2479 1032 2775 1101 dicebat.

642 1140 1114 1221 Quamobrem
1148 1138 1539 1229 Antigonus
1572 1137 1951 1217 Cleomeni,
1991 1139 2108 1228 qui
2150 1139 2466 1205 finitimis
2507 1162 2777 1229 semper

639 1246 908 1315 bellum
935 1251 1397 1314 ostentaverat
1432 1253 1496 1312 et
1536 1244 1888 1312 excidium
1928 1246 2237 1312 minatus
2292 1251 2461 1323 erat,
2496 1246 2775 1313 nullum
2817 1314 2820 1317 ,

643 1375 1119 1422 successorem
1156 1353 1367 1430 dedit,
1418 1352 1876 1443 optimatibus
1916 1375 2104 1429 vero,
2143 1375 2445 1441 quorum
2481 1352 2777 1444 ignaviae

641 1484 843 1529 causa
871 1462 1113 1528 civitas
1146 1461 1217 1526 in
1266 1459 1567 1540 deterius
1615 1459 1808 1549 lapsa
1849 1470 2016 1537 erat,
2054 1482 2162 1527 res
2189 1460 2503 1550 publicas
2536 1483 2777 1550 regen-

641 1568 762 1635 das
812 1569 1130 1635 reddidit.
1187 1567 1377 1633 Nihil
1418 1569 1792 1634 obscurum
1826 1567 2286 1634 Macedonum
2337 1590 2457 1634 rex
2499 1567 2778 1636 volebat

640 1699 878 1765 quum,
917 1676 1158 1764 Sparta
1188 1675 1305 1740 vix
1335 1681 1690 1763 occupata,
1729 1679 2121 1741 curatorem
2148 1674 2338 1741 urbis
2369 1675 2776 1741 Thebanum

641 1783 924 1849 nomine
977 1781 1418 1871 Brachyllam
1470 1780 1872 1870 reliquisset
1923 1782 2043 1869 (2),
2093 1788 2158 1848 et
2208 1805 2291 1848 ex
2343 1804 2422 1847 eo
2467 1788 2777 1872 tempore

640 1887 1184 1971 Lacedaemonii,
1217 1887 1531 1954 societati
1560 1887 1962 1955 Graecarum
1996 1888 2383 1967 civitatum,
2423 1889 2534 1956 cui
2575 1888 2778 1955 Anti-

642 2017 868 2086 gonus
921 2001 1236 2085 praeerat,
1302 1993 1639 2083 adjuncti,
1700 1993 1958 2061 milites
2015 2018 2099 2062 ex
2164 1995 2448 2062 foederis
2508 1994 2777 2085 legibus

642 2101 1083 2192 suppeditare
1113 2101 1444 2168 deberent
1466 2101 1735 2190 quoties
1762 2125 1930 2168 usus
1953 2102 2258 2192 exigeret
2292 2104 2414 2192 (3).
2440 2102 2778 2192 Polybius

641 2209 928 2298 quidem
950 2208 1272 2299 proponit
1293 2208 1990 2275 Lacedaemoniorum
2011 2209 2516 2298 rempublicam
2537 2209 2619 2275 ab
2638 2212 2779 2275 An-

640 2315 874 2406 tigono
909 2316 1274 2409 liberatam
1313 2337 1461 2382 esse
1496 2315 1626 2404 (4);
1666 2321 1738 2382 at
1775 2319 2020 2383 auctor
2060 2316 2178 2383 ille
2217 2317 2639 2383 Achaeorum
2676 2322 2778 2383 est

639 2426 704 2488 et
736 2423 1234 2513 Spartanorum
1264 2421 1452 2513 plebi
1485 2430 1852 2512 repugnat.
1889 2423 2211 2490 Profecto
2249 2446 2526 2513 quoque
2568 2423 2780 2489 Anti—

638 2553 864 2621 gonus
924 2553 963 2597 a
1027 2552 1343 2619 praecone
1405 2528 1901 2619 pronuntiatus
1947 2535 2048 2596 est
2089 2529 2784 2598 Lacedaemoniorum

638 2643 1081 2704 conservator
1099 2688 1121 2714 ‚.
1195 2642 1261 2702 et
1346 2635 1496 2724 ejus
1589 2635 1932 2704 beneficia
2026 2637 2376 2704 columnae
2454 2637 2783 2727 inscripta

639 2750 803 2812 sunt
854 2745 988 2833 (5);
1026 2750 1093 2810 at
1152 2742 1391 2810 laudes
1449 2743 1604 2809 illas
1660 2766 1699 2809 a
1758 2743 1925 2810 solis
1990 2744 2447 2836 optimatibus
2496 2745 2785 2834 Sparta—

638 2874 897 2918 norum
925 2851 986 2918 ei
1019 2850 1315 2917 tributas
1342 2872 1488 2916 esse
1529 2849 1953 2917 credendum
1982 2857 2107 2918 est.

728 2958 1108 3049 Plerosque
1163 2956 1350 3023 enim
1408 2958 1810 3046 SpartanOS,
1872 2958 2221 3044 Antigono
2279 2960 2392 3025 vix
2440 2961 2773 3049 profect0‚

639 3066 958 3156 praesenti
981 3065 1189 3131 statui
1217 3086 1360 3131 non
1374 3063 1799 3154 acquievisse
1829 3070 1895 3131 et
1916 3063 1998 3131 ab
2014 3064 2112 3130 eis
2137 3064 2507 3132 seditiones
2523 3066 2779 3132 diutur-

638 3195 764 3239 nas
794 3177 998 3262 atque
1035 3172 1309 3238 acerbas
1339 3192 1482 3237 non
1510 3170 1661 3237 sine
1705 3172 2044 3260 sanguine
2080 3177 2307 3238 motas
2335 3194 2481 3239 esse
2513 3172 2656 3262 ipse
2681 3195 2771 3238 re*

638 3278 1156 3367 ferlPOlybiUS:
1179 3302 1214 3342 «
1249 3291 1430 3370 Οἱγὰρ
1443 3286 1897 3367 Λακεδαιμόνιοι,
1915 3288 2171 3359 συνήθεις
2192 3291 2349 3355 ὄντες
2372 3289 2776 3366 βασιλεύεσθαι,

636 3405 673 3446 «
705 3390 801 3445 καὶ
852 3386 1030 3444 πάντα
1069 3391 1188 3451 τοῖς
1231 3390 1536 3468 προεστῶσι
1572 3385 1909 3468 πειθαρχεῖν,
1947 3391 2068 3442 τότε
2109 3387 2443 3469 προσφάτως
2472 3391 2569 3467 μὲν
2608 3390 2780 3459 ἠλευ-

636 3514 671 3551 <<
713 3494 1012 3576 θερωμένοι
1041 3492 1089 3550 δι
1115 3492 1458 3570 Ἀντιγόνου,
1493 3494 1772 3569 βασιλέως
1794 3492 1851 3550 δὲ
1892 3496 1999 3571 οὐχ
2034 3494 2379 3577 ὑπάρχοντος
2402 3493 2532 3577 παρ’
2559 3498 2775 3563 αὐτοῖς,

695 3655 743 3704 1.
766 3653 986 3712 Pomm„
1019 3652 1109 3712 IX,
1142 3666 1284 3712 xxm,
1316 3650 1443 3700 8-11.

695 3734 741 3782 2.
773 3733 1124 3793 POLYB..XX,
1152 3748 1204 3793 v,
1237 3731 1477 3781 12.Nihil
1520 3732 1747 3793 amplius
1782 3734 1845 3780 de
1875 3731 2148 3796 Brachylla
2168 3734 2257 3783 illo
2290 3734 2503 3783 scimus,
2532 3733 2608 3784 Cf.
2631 3734 2798 3783 Fama.

633 3827 766 3870 ΜΛΝ,
817 3827 901 3876 op.
950 3813 1060 3870 cit„
1089 3828 1137 3875 p.
1170 3812 1284 3872 387,
1322 3812 1419 3860 sub
1471 3810 1576 3860 n.2
1615 3826 1626 3859 :
1665 3828 1692 3856 κ
1724 3811 1767 3861 It
1814 3813 1859 3860 is
1918 3813 2152 3863 doubtful
2207 3814 2442 3863 whether
2496 3813 2788 3874 Antigonus

633 3912 664 3937 «
694 3889 798 3950 did,
834 3908 896 3941 or
926 3893 1013 3941 did
1039 3895 1147 3953 not,
1174 3894 1320 3942 leave
1342 3891 1642 3955 Brachyllas
1671 3892 1759 3940 the
1803 3892 2037 3953 Theban‚
2074 3894 2148 3943 l'or
2188 3908 2218 3942 a
2254 3895 2378 3942 time
2407 3898 2459 3943 at
2482 3895 2631 3954 least,
2663 3895 2790 3944 with

635 3993 665 4018 «
694 3987 839 4022 some
866 3973 1123 4036 authority
1163 3975 1218 4024 at
1262 3976 1460 4036 Sparta.
1492 3991 1520 4015 »
1551 3972 1824 4021 Nobismet
1865 3972 2072 4034 Polybii
2112 3976 2265 4023 verba
2303 3987 2401 4022 nec
2432 3974 2659 4023 obscura
2695 3989 2791 4023 nec

637 4054 932 4116 spernenda
959 4053 1216 4104 videntur.
1231 4052 1489 4102 Freeman
1509 4052 1706 4101 addidit
1729 4067 1742 4100 :
1773 4071 1800 4097 κ
1829 4053 1875 4101 If
1896 4052 1961 4101 he
1993 4053 2097 4113 did,
2128 4054 2167 4101 it
2193 4057 2333 4103 must
2356 4054 2483 4103 have
2514 4055 2645 4104 been
2668 4057 2789 4118 only

542 4135 547 4140 '
634 4155 664 4178 «
699 4134 827 4183 with
848 4147 993 4182 some
1014 4136 1310 4196 temporat-y
1331 4133 1686 4182 commission.
1713 4151 1740 4177 »
1764 4134 1820 4181 In
1842 4134 2077 4181 eamdem
2098 4136 2404 4183 sententiam
2420 4135 2574 4185 imus,

698 4212 747 4263 3.
784 4217 994 4272 Pomm„
1029 4213 1116 4274 IV,
1138 4225 1214 4270 lx,
1249 4214 1297 4263 6.

700 4294 748 4343 4.
778 4294 998 4347 Pomm..
1034 4293 1100 4353 V,
1131 4307 1210 4353 1x,
1240 4292 1297 4353 93
1332 4293 1394 4344 cf.
1423 4294 1514 4356 IV,
1547 4308 1651 4353 xv1,
1678 4293 1728 4353 5,
1761 4307 1882 4354 xxu,
1913 4293 1960 4342 4.

699 4376 750 4426 5.
780 4376 999 4432 Poma,
1027 4374 1113 4432 IX,
1146 4389 1323 4431 xxxw,
1351 4374 1395 4432 5,
1428 4373 1476 4423 9.
