3419 5466
872 796 900 831 r
1520 773 1840 831 —88—

615 933 895 1001 Achaeis
929 931 1410 1022 dijudicandas
1445 953 1614 998 esse.
1635 930 2248 1020 SpartaniDiaeum
2274 931 2749 996 refutaverunt

615 1047 680 1107 et
705 1039 967 1128 legatos
991 1038 1105 1128 qui
1131 1059 1280 1104 rem
1323 1036 1406 1104 ad
1439 1038 1771 1105 Senatum
1814 1037 2151 1103 referrent
2197 1037 2475 1102 mittere
2507 1034 2747 1102 volue-

614 1152 812 1227 runt;
865 1146 1052 1236 quod
1082 1145 1320 1213 Achaei
1354 1168 1497 1211 non
1529 1145 1711 1234 passi
1748 1150 1912 1211 sunt
1946 1144 2157 1230 (Ann.
2194 1145 2319 1211 149
2353 1166 2416 1209 a.
2456 1143 2587 1230 C.).

705 1253 1026 1343 Spartani
1101 1255 1354 1333 autem,
1434 1273 1651 1341 quum
1718 1249 1984 1318 bellum
2058 1249 2388 1317 adversus
2456 1249 2751 1316 Achaeos

616 1360 960 1427 sustinere
994 1360 1125 1426 soli
1160 1381 1302 1426 non
1328 1365 1634 1448 possent,
1673 1357 1748 1423 in
1782 1378 2183 1424 sermonem
2214 1363 2558 1424 venerunt
2592 1377 2749 1423 cum

617 1466 1015 1533 civitatibus
1073 1465 1427 1534 societatis
1505 1464 1892 1547 nonnulliS,
1952 1469 2022 1531 at
2083 1463 2360 1530 nullum
2408 1462 2751 1530 auxilium

615 1574 1101 1663 impetrarunt.
1182 1573 1361 1639 Tum
1425 1571 1726 1638 civitatis
1786 1575 2142 1638 senatores
2175 1570 2251 1651 (ot
2294 1570 2574 1655 γερόντες)
2632 1570 2753 1637 abs

615 1681 809 1747 Diaeo
886 1685 1115 1769 petere
1171 1684 1245 1745 ut
1307 1678 1492 1745 cives
1560 1678 1898 1745 indicaret
1966 1701 2139 1768 quos
2208 1676 2752 1768 perturbationis

618 1792 931 1854 auctores
1001 1785 1476 1852 arbitraretur.
1546 1784 1861 1865 Quatuor
1920 1789 1983 1851 et
2052 1784 2300 1874 viginti
2356 1784 2755 1875 principum

620 1901 908 1968 nomina
939 1898 1175 1976 edidit,
1219 1900 1362 1990 qui,
1399 1898 1485 1966 ad
1513 1898 1785 1967 bellum
1820 1898 2213 1976 vitandum,
2257 1899 2479 1989 patria
2525 1898 2759 1966 deces-

618 2012 879 2073 serunt.
911 2007 1048 2073 Eos
1075 2007 1195 2072 vix
1217 2005 1564 2096 profectos
1603 2006 1937 2096 Spartani
1970 2007 2213 2096 capitis
2255 2006 2763 2072 damnaverunt

617 2134 741 2204 per
799 2113 1127 2203 speciem,
1193 2120 1271 2180 ut
1326 2113 1517 2179 Diaeo
1577 2113 1969 2180 satisfacere
2019 2111 2424 2180 viderentur
2480 2133 2755 2179 necnon

618 2218 895 2287 Achaeis
971 2220 1318 2307 judicium
1407 2218 1587 2286 illud
1664 2218 2016 2287 tollerent.
2108 2220 2397 2301 Revera,
2488 2216 2760 2286 exsules

618 2326 909 2394 Romam
981 2348 1051 2393 se
1125 2327 1440 2394 conferre
1491 2327 1672 2417 jussi
1745 2332 1814 2394 et
1890 2325 2309 2394 Menalcidas
2376 2325 2638 2392 missus
2682 2330 2761 2392 ut

621 2432 960 2501 Senatum
1032 2441 1308 2524 rogaret
1370 2455 1613 2500 eorum
1686 2434 2227 2501 revocationem.
2295 2432 2466 2514 Quae
2526 2454 2635 2498 res
2685 2437 2765 2499 ut

624 2541 902 2626 cognita
933 2545 1057 2620 est,
1093 2539 1333 2607 Achaei
1365 2540 1497 2629 ipsi
1531 2539 1616 2605 ad
1649 2540 1889 2607 Patres
1920 2540 2199 2607 Diaeum
2228 2539 2659 2630 legaverunt,
2697 2545 2764 2605 et

505 2735 511 2744 η
626 2646 836 2712 simul
868 2645 1301 2714 Callicratem
1333 2647 1449 2737 qui
1482 2647 1556 2712 in
1593 2646 1841 2714 itinere
1874 2652 2171 2715 mortem
2212 2646 2458 2714 obivit.

713 2752 1098 2821 Menalcitla
1140 2760 1343 2844 atque
1389 2754 1583 2821 Diaeo
1615 2753 1896 2826 auditis,
1935 2754 2229 2821 Senatus
2277 2754 2538 2845 legatos
2570 2753 2762 2819 misit

626 2861 743 2951 qui
801 2861 1346 2927 controversiam
1403 2870 1926 2951 componerent.
1983 2861 2118 2928 Sed
2167 2865 2324 2928 ante
2382 2860 2646 2951 legatos
2685 2860 2758 2927 in

627 2966 973 3034 Graeciam
1007 2966 1440 3034 advenerunt
1466 2968 1703 3035 Diaeus
1746 2973 1812 3034 et
1850 2966 2293 3035 MenalcidaS.
2338 2967 2633 3057 Uterque
2678 2965 2764 3034 ad

628 3097 698 3141 se
731 3074 968 3141 omnia
1002 3073 1282 3140 trahens
1314 3075 1602 3140 Patrum
1645 3074 1717 3140 in
1759 3075 1981 3163 gratia
2012 3096 2082 3141 se
2123 3074 2338 3141 fuisse
2379 3073 2763 3141 contendit.

626 3178 861 3247 Diaeus
917 3181 1103 3247 enirn
1149 3179 1539 3247 dominium
1585 3181 1656 3246 in
1702 3181 2079 3270 Spartanos
2125 3181 2363 3248 datum
2407 3180 2681 3247 Achaeis
2719 3202 2761 3247 a

628 3284 887 3353 Senatu
948 3287 1159 3353 fuisse
1213 3287 1671 3366 asseveravit;
1734 3285 1905 3354 alter
1964 3292 2221 3368 autem,
2280 3289 2763 3355 Romanorum

628 3392 914 3483 quidem
948 3400 1132 3460 recte
1173 3393 1660 3483 interpretatus
1703 3401 2035 3472 mentem,
2075 3395 2323 3461 factam
2366 3417 2512 3462 esse
2554 3394 2762 3482 Spar-

625 3499 804 3566 tanis
851 3504 1262 3590 potestatem
1317 3499 1491 3566 dixit
1543 3500 1626 3568 ab
1673 3501 1952 3568 Achaeis
1998 3500 2388 3568 deficiendi.
2419 3499 2528 3567 Ad
2579 3522 2765 3566 sum-

627 3628 840 3684 mam,
917 3605 1153 3674 Diaeus
1222 3611 1289 3673 et
1356 3607 1776 3674 Menalcidas
1830 3617 2144 3675 auctores
2210 3608 2519 3685 fuerunt,
2595 3607 2766 3672 alter

627 3713 926 3795 thaeis,
962 3711 1134 3779 alter
1181 3713 1562 3803 SpartaniS‚
1602 3720 1683 3781 ut
1722 3714 1987 3781 bellum
2036 3715 2362 3796 facerent,
2398 3714 2577 3804 quod
2629 3712 2761 3780 sibi

627 3819 912 3889 utilitati
966 3843 1112 3887 esse
1163 3821 1460 3911 quisque
1510 3820 1856 3889 credebat.
1908 3821 1991 3903 Q.
2042 3820 2363 3889 Caecilius
2417 3819 2763 3900 MetelluS,

627 3933 796 3994 tunc
827 3926 899 3992 in
928 3925 1192 3994 Graecia
1228 3949 1440 4017 agens
1481 3931 1557 3994 ut
1591 3926 2039 4010 Andriscum,
2075 3926 2536 3994 Macedonum
2568 3927 2764 4016 regni

630 4034 1120 4116 affectatorem,
1152 4034 1595 4124 opprimeret,
1631 4034 1928 4102 Achaeos
1960 4033 2336 4101 adventum
2382 4033 2766 4125 legatorum

629 4141 1111 4209 Romanorum
1198 4147 1593 4231 exspectare
1665 4142 1923 4208 frustra
1981 4141 2236 4231 jussit.
2322 4140 2768 4208 Damocritus

630 4252 885 4340 praetor
913 4245 1181 4312 bellum
1229 4246 1583 4315 instruxit.
1619 4249 1799 4315 Tum
1850 4247 2190 4339 Spartani,
2228 4270 2447 4337 quum
2494 4250 2575 4329 Q.
2618 4247 2768 4315 Cae-

623 4354 775 4434 ‚eilii
854 4352 1021 4421 alias
1090 4354 1406 4445 occupati
1475 4354 1820 4429 auxilium
1895 4377 2175 4449 sperare
2243 4377 2387 4421 non
2456 4359 2762 4445 possent,
