3419 5466
1617 745 1939 804 -59-

715 933 751 975 «
803 905 1382 975 consultationem
1427 910 1565 972 tota
1617 902 1699 973 de
1751 926 1825 971 re
1866 905 2250 995 pertinente
2292 890 2377 973 ad
2417 929 2533 974 eos
2574 929 2745 991 esse,
2784 913 2851 975 et

717 1040 752 1081 4(
804 1037 873 1082 se
930 1020 1275 1081 staturum
1322 1034 1403 1078 eo
1455 1010 1640 1101 quod
1686 1011 1921 1101 plures
1973 1013 2407 1080 censuissent
2454 1038 2517 1081 ».
2553 1014 2853 1103 Legatus

716 1121 1137 1201 AEtolorum,
1194 1118 1312 1210 qui
1370 1118 1656 1185 omnino
1719 1118 1922 1186 aliter
1985 1141 2193 1210 quam
2247 1120 2484 1188 Achaei
2525 1127 2591 1188 et
2637 1122 2855 1190 Athe-

713 1229 986 1296 nienses
1020 1226 1411 1294 sentiebant
1447 1232 1512 1292 et
1551 1227 1902 1293 Romanos
1939 1225 2344 1295 Graecorum
2378 1228 2680 1318 negotiis
2711 1233 2853 1295 tam

714 1338 1026 1426 potenter
1086 1340 1149 1400 et
1200 1333 1574 1399 efficaciter
1616 1333 1948 1400 interesse
1982 1355 2165 1423 aegre
2199 1334 2508 1403 ferebant
2543 1333 2664 1424 (1),
2701 1358 2854 1425 per-

713 1443 892 1510 fidi'ae
917 1448 982 1508 et
1003 1439 1595 1531 tergiversationis
1623 1439 2113 1530 imperatorem
2144 1441 2604 1521 insimulavit,
2635 1464 2852 1531 quum

711 1550 938 1638 Argos
986 1555 1050 1615 et
1091 1547 1345 1615 Nabim
1402 1569 1677 1614 causam
1722 1546 2050 1614 manendi
2103 1548 2175 1613 in
2232 1549 2496 1616 Graecia
2544 1549 2848 1617 faceret:

711 1678 750 1721 ‹<
800 1657 1259 1746 Deportarent
1281 1653 1580 1721 Romani
1614 1653 1924 1743 legiones
1955 1654 2029 1719 in
2060 1653 2341 1721 Italiam
2367 1678 2382 1737 3
2412 1655 2680 1725 AElolos
2702 1657 2850 1746 pol-

712 1787 748 1828 «
800 1762 990 1830 liceri
1022 1767 1141 1828 aut
1171 1760 1688 1828 conditionibus
1723 1765 1789 1828 et
1808 1759 2168 1828 voluntate
2199 1763 2587 1829 suaNabim
2609 1764 2854 1853 praesi-

711 1895 746 1936 4(
801 1869 992 1937 dium
1017 1869 1222 1958 Argis
1255 1867 1745 1945 deducturum,
1776 1873 1894 1934 aut
1922 1868 1989 1934 vi
2017 1873 2222 1959 atque
2247 1869 2456 1936 armis
2489 1876 2854 1937 coacturos

711 2003 747 2043 «
795 1977 868 2043 in
913 1980 1249 2067 potestate
1302 1974 1798 2042 consentientis
1831 1974 2120 2042 Graeciae
2167 1998 2341 2043 esse.
2369 2001 2404 2042 ›>
2438 1977 2604 2044 Haec
2648 1978 2862 2045 verba

710 2083 1100 2150 multorum
1132 2081 1649 2171 indignantium
1675 2080 2054 2149 clamorem
2085 2089 2456 2150 moverunt
2487 2107 2612 2151 nec
2638 2083 2847 2174 impe—

709 2190 1034 2258 diverunt
1063 2189 1439 2279 quominus
1483 2187 1564 2255 de
1602 2187 1909 2269 Quinctii
1952 2189 2292 2256 sententia
2330 2189 2639 2280 plerique
2689 2214 2850 2258 cen-

709 2306 938 2366 serent
979 2302 1045 2364 et
1091 2296 1355 2363 bellum
1396 2317 1766 2361 commune
1816 2294 2286 2363 decernerent.
2317 2296 2578 2363 Decem
2622 2297 2847 2365 millia

708 2404 1132 2471 Achaeorum
1165 2402 1249 2469 ad
1282 2402 1668 2469 exercitum
1701 2400 2008 2482 Quinctii
2047 2410 2506 2483 accesserunt,
2545 2404 2663 2493 qui
2701 2426 2844 2471 non
2950 2404 2957 2410 ’

710 2509 918 2600 longe
976 2509 1059 2576 ab
1128 2510 1331 2598 Argis
1389 2512 1610 2574 castra
1667 2507 1949 2576 locavit.
1986 2508 2418 2600 Pythagoras
2480 2533 2669 2588 verO,
2732 2513 2851 2602 qui

712 2616 1024 2684 animum
1053 2621 1119 2682 et
1151 2616 1481 2682 virtutem
1508 2614 1703 2681 ducis
1744 2615 2046 2704 gerebat,
2083 2618 2474 2683 cautionem
2506 2617 2845 2699 adhibuit,

710 2728 1034 2814 utrasque
1069 2746 1258 2790 arces
1302 2727 1367 2790 et
1407 2723 1559 2790 loca
1603 2721 1743 2789 alia
1787 2728 2177 2813 opportuna
2221 2723 2542 2803 munivit,
2581 2730 2851 2794 motum

711 2832 794 2899 ab
844 2831 1296 2922 optimatibus
1341 2832 1605 2898 factum
1657 2830 2088 2921 compressit,
2134 2831 2276 2897 imo
2314 2831 2650 2921 impetum
2685 2834 2851 2901 fecit

717 2961 801 3006 ex
832 2938 1115 3028 oppido.
1154 2937 1546 3019 QuinctiUS‚
1587 2959 1750 3003 cum
1776 2939 2032 3005 frustra
2070 2944 2535 3028 exspectasset
2583 2941 2639 3006 si
2682 2940 2851 3030 quid

714 3045 879 3114 novi
910 3046 1253 3112 tumultus
1285 3045 1608 3126 oriretur,
1647 3067 1807 3111 cum
1836 3045 2186 3111 Aristaeno
2217 3045 2638 3112 Achaeorum
2663 3069 2854 3136 prae-

715 3162 861 3220 tore
894 3153 1246 3219 consensit
1279 3161 1354 3218 ut
1388 3157 1763 3241 tyrannum
1794 3152 2049 3242 ipsum,
2089 3160 2293 3241 caput
2321 3150 2512 3234 belli,
2550 3160 2615 3218 et
2648 3152 2859 3220 Lace-

717 3258 1114 3326 daemonem
1157 3262 1490 3349 peterent.
1522 3259 1793 3350 Itaque,
1827 3258 2252 3347 Argivorum
2295 3257 2539 3349 campo
2578 3265 2847 3329 vastato

719 3372 784 3433 et
813 3365 1156 3432 messibus
1207 3365 1581 3447 convectiS,
1615 3364 1908 3455 profecti
1956 3369 2141 3430 sunt.
2174 3365 2335 3432 Mox
2385 3388 2660 3455 quoque
2713 3367 2854 3435 dis-

714 3472 923 3541 cessit
953 3471 1404 3563 PythagoraS‚
1434 3470 1521 3538 ad
1552 3470 1803 3538 Nabim
1832 3471 2428 3561 juvandum‚cum
2462 3473 2656 3540 mille
2675 3496 2857 3554 mer-

715 3580 1012 3647 cenariis
1059 3586 1124 3647 et
1157 3580 1431 3647 duobus
1479 3578 1795 3646 millibus
1826 3579 2274 3669 Argivorum,
2313 3580 2554 3646 ceteris
2592 3580 2856 3649 relictis

714 3687 1089 3755 Timocrati
1161 3686 1582 3765 Pellenensi,
1653 3689 1856 3777 cujus
1933 3685 2065 3753 fide
2144 3692 2484 3777 tyrannus
2544 3710 2726 3778 saepe
2786 3687 2860 3755 in

714 3795 1014 3885 negotiis
1047 3792 1317 3880 magnis
1349 3817 1520 3861 usus
1547 3799 1695 3862 erat
1726 3794 1819 3884 (2)
1849 3845 1863 3859 .

803 3901 908 3967 Ex
939 3900 1352 3991 quibusdam
1382 3900 1741 3968 Strabonis
1772 3907 1836 3968 et
1868 3900 2049 3967 Livii
2076 3900 2250 3967 locis
2280 3906 2506 3991 potest
2541 3901 2863 3992 probabi·

716 4007 876 4075 liter
905 4007 1154 4074 confici
1202 4008 1555 4076 Romanos
1593 4008 1666 4075 in
1717 4008 2025 4075 Laconia
2078 4006 2427 4075 invenisse
2470 4013 2692 4076 certos
2750 4011 2861 4076 sui

713 4115 1018 4183 fautores
1057 4115 1237 4181 inter
1288 4116 1652 4205 optimates
1705 4121 1772 4182 et
1821 4114 2169 4206 praecipue
2215 4114 2419 4184 ilotas
2475 4139 2551 4182 ac
2594 4116 2862 4206 perioe-

778 4277 825 4328 1.
860 4278 936 4329 cf.
968 4277 1105 4337 L1v.‚
1136 4275 1375 4336 xxxm,
1399 4276 1479 4329 35.
1726 4313 1729 4316 .

775 4357 822 4406 2.
860 4358 997 4418 L1v.,
1020 4356 1259 4417 XXXIV,
1289 4356 1465 4419 22-26,
1495 4355 1581 4407 29.
1612 4382 1675 4396 -
1699 4357 1919 4420 Pomm„
1948 4357 2114 4417 XVII,
2150 4371 2275 4419 xvn,
2307 4357 2355 4408 1.
