3419 5466
1547 829 1868 889 —16-

632 988 1002 1078 optimates
1067 987 1336 1054 deliciis
1390 987 1734 1065 dissoluti,
1801 991 2019 1078 patria
2073 987 2327 1056 virtute
2389 989 2767 1079 deperdita,

634 1093 1143 1184 rempublicam
1175 1094 1346 1162 adeo
1403 1094 1842 1184 negligerent
1890 1102 1970 1162 ut
2020 1095 2522 1183 Spartanorum
2580 1121 2778 1189 supe-

632 1202 777 1267 rior
860 1201 1088 1289 gloria
1165 1201 1723 1290 exstingueretur
1811 1201 1939 1289 (1).
2027 1202 2299 1269 Dicitur
2375 1203 2767 1293 Sphaerum‚

635 1307 931 1375 Zenonis
989 1308 1244 1375 scholae
1312 1308 1842 1398 philosophum,
1894 1308 1980 1374 ad
2038 1309 2512 1376 adolescentes
2582 1311 2778 1379 insti-

633 1409 927 1481 tueud'os
959 1415 1273 1503 Spartam
1315 1415 1612 1495 venisse,
1652 1415 2183 1506 Cleomenisque
2227 1417 2531 1483 maxime
2570 1441 2774 1486 cons-

632 1522 818 1612 pecti
841 1521 1192 1590 excelsum
1211 1523 1529 1589 animum
1559 1524 1630 1588 in
1650 1522 2020 1590 sublimius
2054 1523 2355 1590 erexisse
2371 1524 2497 1612 (2).
2525 1524 2772 1616 Itaque

631 1650 875 1696 omnes
911 1629 1227 1696 historici
1256 1630 1589 1720 temporis
1624 1631 1845 1695 nostri
1875 1629 2319 1697 Cleomenem
2378 1631 2773 1699 Stoicorum

632 1734 1003 1826 disciplina
1033 1738 1411 1803 formatum
1443 1758 1590 1802 esse
1639 1742 1982 1803 asserunt.
2022 1734 2236 1805 Nobis
2281 1743 2513 1804 tamen
2549 1762 2774 1807 anno-

632 1842 925 1911 tandum
979 1843 1257 1910 videtur
1313 1843 1503 1910 hunc
1577 1865 1815 1932 regem
1887 1844 2181 1910 Zenonis
2242 1843 2625 1912 doctrinam
2689 1845 2773 1911 ad

632 1951 955 2017 eflectum
987 1948 1326 2016 adducere
1359 1972 1501 2015 non
1556 1955 1888 2016 conatum
1920 1971 2089 2017 esse.
2128 1950 2342 2017 Stoici
2376 1951 2562 2017 enim
2593 1953 2771 2019 nihil

632 2058 921 2125 humani
951 2056 1085 2123 sibi
1137 2057 1447 2123 alienum
1495 2063 1744 2146 putant
1813 2061 1878 2122 et
1905 2056 2154 2145 jubent
2184 2080 2761 2148 unumquemque

630 2171 951 2231 nostrum
1019 2165 1172 2253 ejus
1232 2163 1477 2229 mundi
1543 2186 1690 2230 esse
1781 2168 2071 2252 partem.
2137 2161 2547 2231 Cleomenes
2602 2188 2771 2237 vero

635 2273 925 2361 Spartae,
987 2292 1129 2338 non
1188 2270 1430 2338 mundi
1488 2272 1714 2338 civem
1785 2293 1854 2336 se
1919 2270 2231 2360 praebuit.
2296 2271 2631 2337 Animum
2688 2272 2772 2338 ad

629 2378 1001 2446 honestum
1087 2379 1610 2469 applicaverunt
1687 2377 1933 2458 Stoici,
1996 2378 2329 2443 virtutem
2395 2378 2771 2445 militarem

629 2486 822 2573 parvi
855 2486 1191 2565 fecerunt,
1224 2508 1433 2574 quam
1463 2485 1694 2575 magni
1726 2485 2098 2552 aestimavit
2146 2483 2579 2559 Cleomenes,
2632 2485 2775 2553 des·

627 2598 1108 2681 pexeruntque
1163 2591 1718 2669 exercitationeS,
1757 2614 1929 2682 quas
1973 2591 2091 2658 ille
2137 2591 2357 2657 coluit
2384 2591 2505 2681 (3).
2538 2591 2770 2658 Zeno-

628 2697 737 2764 nis
766 2708 1020 2765 sectam
1053 2697 1498 2766 doctissimus
1530 2699 1638 2765 vir
1664 2698 2084 2765 Poehlmann
2112 2719 2511 2789 comparare
2543 2697 2770 2787 potuit

626 2804 731 2871 illi
763 2807 1130 2872 recentiori
1159 2829 1310 2895 quae
1355 2806 1603 2896 gallice
1653 2813 1940 2872 vocatur
1971 2828 2011 2869 «
2062 2805 2407 2873 socialiste
2463 2806 2763 2872 interna-

625 2913 1418 2980 tionaliste».Attamen
1476 2935 1619 2979 non
1673 2935 1867 2979 veras
1923 2912 2285 3002 opiniones
2318 2912 2606 2979 haberet
2656 2912 2772 3002 qui

627 3018 1071 3088 Cleomenem
1113 3019 1494 3108 disciplina
1552 3020 1812 3086 Portici
1851 3018 2135 3086 formari
2214 3040 2358 3085 non
2432 3019 2765 3108 potuisse,

626 3127 1134 3217 Sphaerumque
1166 3138 1282 3194 aut
1335 3117 1479 3193 non
1533 3149 1692 3192 vere
1733 3125 2043 3193 Stoicum
2074 3130 2193 3193 aut
2225 3124 2523 3192 civitatis
2580 3147 2768 3191 ever-

625 3233 850 3300 tendae
881 3233 1235 3301 Cleomeni
1266 3256 1408 3300 non
1467 3256 1825 3300 suasorem
1901 3234 2113 3298 fuisse
2166 3232 2568 3299 affirmaret.
2623 3233 2773 3298 Hoc

629 3343 816 3409 enim
839 3340 1086 3408 Stoicis
1101 3363 1259 3407 cum
1276 3341 1549 3430 Cynicis
1562 3343 1616 3407 E
1624 3339 2059 3430 picureisque
2082 3339 2372 3406 minime
2399 3338 2774 3405 convenie-

625 3449 761 3527 bat,
801 3448 987 3537 quod
1015 3447 1407 3537 respublica
1431 3448 1690 3515 Zenoni
1722 3446 2085 3514 videbatur
2108 3445 2294 3513 haud
2321 3445 2769 3535 negligenda,

628 3579 842 3645 quum
903 3555 1282 3645 sapientem
1342 3555 1598 3621 diceret
1659 3576 2022 3644 nunquam
2054 3576 2202 3620 esse
2238 3554 2587 3644 privatum
2639 3553 2763 3638 (4).

622 3664 733 3729 Illi
773 3664 959 3728 enim
997 3662 1116 3751 qui
1150 3661 1494 3727 mundum
1546 3661 1698 3728 vult
1749 3662 2000 3744 colere,
2037 3660 2274 3729 civitas
2325 3682 2601 3749 quoque
2651 3682 2776 3725 sua

623 3777 724 3837 est
760 3770 1072 3836 colenda.
1104 3771 1346 3860 Itaque
1378 3769 1589 3844 Zeno,
1629 3769 1996 3835 Cleanthes
2024 3790 2299 3836 necnon
2336 3766 2772 3856 Chrysippus

623 3877 706 3944 de
765 3901 1000 3943 rerum
1049 3870 1489 3967 publicarum
1539 3876 1844 3943 rectione
1920 3876 2368 3963 scripserunt.
2436 3872 2769 3962 Sphaerus

682 4038 726 4086 1.
765 4038 952 4096 PLuT„
985 4038 1196 4096 Cleom„
1223 4037 1286 4097 ΙΙ,
1323 4040 1375 4096 1;
1406 4036 1493 4095 ΙΙΙ,
1522 4036 1567 4086 1.

682 4118 729 4167 2.
767 4119 991 4177 Cleom.‚
1018 4118 1080 4177 11,
1106 4118 1156 4165 2.

686 4198 733 4247 3.
771 4201 831 4249 V.
861 4199 980 4260 quid
1017 4199 1080 4246 de
1124 4198 1424 4247 Stoicorum
1455 4197 1724 4258 disciplina
1767 4198 2023 4244 senzerint
2051 4196 2266 4244 Fusrm.
2321 4209 2385 4242 DE
2426 4195 2768 4251 (mmmmm,

622 4281 736 4330 Cile'
765 4281 1001 4343 antiqno,
1030 4295 1078 4342 p.
1112 4279 1348 4338 422-42233
1370 4278 1418 4326 J.
1444 4278 1628 4336 Dimis,
1661 4277 1794 4323 Hz‘st.
1819 4277 1909 4323 des
1935 4275 2160 4324 theories
2184 4279 2234 4324 et
2258 4274 2351 4323 des
2377 4274 2521 4322 ide‘es
2542 4272 2772 4322 morales

619 4364 754 4412 dans
783 4361 1099 4424 l'antzquice',
1136 4361 1174 4420 I,
1199 4359 1294 4407 364
1319 4365 1368 4407 et
1399 4372 1538 4420 scq.;
1586 4359 1922 4412 POEHLMANN,
1960 4371 2041 4417 op.
2075 4359 2186 4415 cit„
2212 4370 2262 4417 p.
2291 4354 2515 4403 615-617.

683 4444 736 4492 4.
780 4445 905 4500 Cic„
938 4439 1165 4498 Tuscul„
1191 4439 1279 4496 IV,
1311 4438 1392 4487 23.
