3419 5466
1561 769 1881 830 —78—

642 937 850 1000 caret.
886 929 1152 1012 Quibus
1185 928 1506 1018 cognitis,
1542 928 1875 1019 Lycortas
1906 935 2158 1021 praetor
2194 953 2564 1000 commune
2607 955 2773 1001 con-

639 1038 883 1106 cilium
924 1036 1177 1104 indixit
1216 1036 1662 1114 Achaeorum,
1724 1035 1843 1128 qui
1895 1038 2157 1104 Areum
2198 1043 2264 1105 et
2312 1038 2771 1120 Alcibiadem,

639 1167 765 1212 suo
796 1143 1135 1212 beneficio
1171 1144 1524 1210 restitutos
1566 1147 1632 1210 et
1667 1143 1798 1210 sibi
1839 1144 2214 1234 pessimam
2254 1146 2545 1234 gratiam
2586 1147 2776 1215 refe-

638 1255 864 1320 rentes
911 1250 1155 1341 capitis
1205 1249 1738 1328 damnaverunt,
1803 1249 2022 1317 Paulo
2088 1260 2244 1341 post
2299 1252 2774 1321 Romanorum

636 1358 847 1448 legati
878 1356 1330 1428 advenerunt.
1378 1357 1603 1445 iisque
1646 1355 1905 1425 Clitore
1944 1357 2016 1423 in
2057 1357 2355 1425 Arcadia
2395 1358 2634 1427 datum
2670 1366 2770 1428 est

636 1464 1040 1533 concilium.
1085 1464 1416 1531 Romanis
1461 1463 1696 1530 statim
1752 1485 1898 1530 sese
1949 1463 2501 1545 ostendentibuS‚
2554 1468 2772 1534 mani-

633 1573 890 1638 festum
917 1569 1052 1636 fuit
1082 1568 1250 1661 quid
1277 1566 1633 1650 sentirent,
1665 1590 1881 1658 quum
1918 1571 2178 1637 Areum
2226 1574 2291 1637 et
2333 1571 2774 1641 Alcibiadem

632 1700 870 1745 secum
918 1676 1406 1766 producerent.
1455 1676 1734 1742 Etenim
1786 1676 2054 1765 Appius
2108 1677 2432 1745 Claudius
2480 1679 2774 1749 Achaeos

632 1784 1061 1876 gravissimis
1085 1782 1310 1850 verbis
1341 1782 1793 1873 reprehendit
1822 1784 2002 1872 quod
2036 1783 2392 1852 civitatem
2428 1785 2774 1854 nobilissi-

634 1914 821 1958 mam
851 1895 915 1957 et
948 1889 1223 1978 legibus
1256 1889 1401 1956 suis
1428 1911 1553 1979 per
1582 1894 1827 1978 gentes
1857 1890 2260 1981 praeclaram
2291 1899 2477 1959 tanta
2511 1892 2773 1983 injuria

636 1996 1142 2089 protrivissent.
1175 1998 1454 2064 Frustra
1507 1997 1837 2088 Lycortas
1885 1998 2222 2066 rationem
2272 1999 2433 2066 facti
2481 2001 2772 2090 probare

635 2104 992 2174 contendit
1036 2124 1107 2170 :‹
1161 2104 1314 2171 Non
1345 2102 1546 2185 male,
1591 2104 1706 2187 ait,
1726 2103 1996 2171 civitati
2029 2104 2538 2186 consuluimUS‚
2560 2130 2775 2196 quum

639 2237 674 2278 ⁴<
726 2212 998 2279 concilii
1023 2210 1241 2278 nostri
1266 2232 1420 2277 eam
1448 2211 1820 2279 fecerimus
1838 2217 1905 2278 et
1937 2213 2136 2280 nobis
2163 2213 2680 2292 miscuerimuS,
2699 2221 2773 2282 ut

635 2343 672 2384 «
726 2341 978 2410 corpus
1012 2340 1237 2385 unum
1264 2322 1329 2384 et
1355 2317 1735 2385 concilium
1757 2318 1977 2385 totius
2000 2318 2468 2409 Peloponnesi
2501 2327 2702 2389 esset.
2732 2345 2770 2388 »

634 2425 906 2516 Appius
961 2448 1154 2503 ver0,
1216 2423 1441 2515 plenis
1497 2425 1850 2491 minarum
1903 2425 2131 2494 verbis
2207 2449 2400 2503 usus,
2474 2427 2773 2499 Achaeos

635 2532 1152 2600 damnationem
1182 2532 1345 2598 Arei
1377 2535 1442 2597 et
1471 2531 1853 2600 Alcibiadis
1885 2532 2130 2600 tollere
2158 2533 2410 2622 coegit,
2444 2539 2508 2600 et
2555 2533 2774 2625 Spar-

633 2638 818 2706 tanis
851 2638 1193 2705 concessit
1222 2643 1301 2704 ut
1330 2636 1593 2728 legatos
1626 2637 1708 2705 de
1764 2638 1968 2705 rebus
2014 2638 2158 2706 suis
2198 2640 2480 2730 penitus
2520 2639 2770 2708 intros-

631 2745 967 2838 piciendis
998 2746 1296 2812 Romam
1333 2744 1718 2822 mitterent,
1758 2767 2149 2838 quanquam
2175 2747 2450 2815 decreto
2484 2748 2772 2816 Achaeo-

632 2875 791 2920 rum
816 2852 1093 2944 publico
1126 2851 1575 2918 interdictum
1608 2858 1755 2919 erat
1786 2875 1871 2921 ne
1907 2876 2042 2942 qua
2078 2875 2162 2920 ex
2212 2856 2571 2922 communi
2610 2878 2770 2924 con-

634 2983 825 3028 sessu
855 2959 1100 3028 civitas
1139 2959 1479 3048 privatam
1511 2958 1927 3049 legationem
1956 2961 2325 3028 moliretur
2359 2963 2479 3052 (1).

727 3066 1127 3134 Sentiebant
1168 3065 1355 3132 enim
1392 3066 1633 3132 Patres
1659 3088 1756 3144 se,
1787 3068 1971 3134 Areo
2005 3073 2069 3134 et
2102 3068 2470 3138 Alcibiade
2497 3076 2768 3137 tantum

634 3174 913 3250 auditis,
972 3195 1081 3239 res
1141 3195 1335 3239 veras
1389 3195 1804 3263 pernoscere
1865 3196 2003 3240 non
2058 3197 2279 3265 posse.
2318 3177 2555 3268 Itaque
2606 3200 2768 3245 suos

633 3301 929 3371 quaeque
962 3279 1168 3347 factio
1199 3277 1464 3370 legatos
1494 3279 1762 3348 habuit.
1797 3280 2001 3371 Lysis
2018 3282 2393 3371 postulavit
2423 3289 2502 3350 ut
2525 3306 2772 3352 omnes

632 3386 1131 3478 possessioneS‚
1194 3408 1365 3477 quas
1416 3387 1780 3476 optimates
1833 3409 1873 3454 a
1916 3387 2446 3478 Philopoemene
2500 3389 2770 3458 reducti

632 3493 1036 3561 habuissent
1064 3493 1352 3582 irrogati
1386 3493 1520 3559 sibi
1552 3494 1785 3560 exsilii
1823 3495 2276 3585 tempore‚eis
2314 3497 2772 3564 restitueren-

634 3607 773 3668 tur.
802 3602 1026 3668 Areus
1059 3606 1124 3667 et
1149 3599 1576 3683 AlcibiadeS,
1609 3601 1931 3669 factionis
1969 3601 2413 3670 modestioris
2445 3625 2770 3694 procura-

634 3714 845 3786 toreS‚
882 3706 1328 3775 solummodo
1362 3707 1759 3798 petiverunt
1784 3717 1860 3775 ut
1887 3731 1924 3773 «
1957 3708 2307 3776 'veteribus
2340 3709 2698 3777 exsulibus
2728 3734 2767 3775 »

637 3813 720 3881 de
744 3815 887 3881 suis
913 3814 1113 3882 bonis
1137 3813 1220 3880 ad
1253 3814 1466 3881 unius
1498 3813 1740 3881 talenti
1771 3814 2302 3883 aestimationem
2334 3815 2763 3895 redderetur,

636 3926 863 3990 cetera
918 3921 1093 3988 bene
1148 3921 1411 3988 meritis
1459 3920 1728 3988 civibus
1773 3923 2317 4013 assignarentur.
2355 3923 2565 3991 Plebs
2604 3946 2770 3991 vero

639 4028 1012 4119 Serippum
1046 4034 1112 4094 et
1139 4028 1550 4096 Chaeronem
1578 4034 2067 4118 procuratores
2098 4030 2405 4098 miserat.
2444 4030 2772 4122 Serippus

635 4136 1003 4204 resistebat
1037 4156 1124 4201 ne
1177 4138 1446 4202 veteres
1483 4134 1758 4202 exsules
1799 4134 1985 4203 bona
2023 4159 2147 4204 sua
2176 4141 2321 4204 tota
2372 4136 2483 4205 vel
2518 4138 2769 4227 partim

700 4297 748 4346 1.
783 4296 1004 4357 Pomm„
1033 4293 1223 4354 XXIII,
1254 4309 1323 4352 xt,
1352 4293 1455 4356 5·8;
1487 4308 1586 4355 x11;
1619 4308 1823 4358 argum.
1855 4309 1968 4359 cap.
2000 4312 2059 4348 v.
2099 4323 2149 4335 -
2187 4295 2322 4358 L1v.‚
2354 4296 2597 4360 XXXIX,
2617 4295 2778 4350 35-37.

633 4405 695 4416 —
717 4378 981 4435 Pansam„
1014 4374 1129 4435 vll,
1160 4388 1230 4435 1x,
1262 4374 1374 4427 2-4.
