3419 5466
1455 1357 1754 1430 CAPUT
1817 1358 1843 1428 Ι

1495 1727 1772 1772 ΕΡΙΤΟΜΕ

595 1882 946 1969 Cleomene
979 1903 1227 1990 fuqalo
1269 1916 1334 1967 et
1396 1902 1869 1969 Lacedaemone
1907 1915 2266 1991 occupata,
2325 1900 2707 1991 A'ntiqonus

676 2031 882 2075 novas
901 2032 1002 2074 res
1031 2021 1218 2074 aetas
1247 2009 1501 2098 partim
1536 2008 1740 2086 tollit,
1770 2009 2029 2100 partim
2059 2021 2302 2076 servat.
2347 1999 2550 2073 'lllultz'
2591 2011 2714 2073 La-

678 2115 1098 2187 cedaemonii,
1131 2120 1480 2205 praecipue
1506 2116 1984 2192 adolescentes,
2025 2115 2403 2185 Cleomenis
2436 2113 2719 2181 consilia
2759 2146 2765 2153 ·

680 2245 819 2288 non
848 2223 1270 2309 relinquunt.

685 2420 893 2486 Parta
938 2421 1116 2510 apud
1165 2419 1527 2487 Sellasiam
1576 2419 1886 2499 victoria,
1948 2420 2349 2510 Antigonus
2404 2418 2727 2487 Macedo-

597 2549 769 2592 num
803 2550 922 2592 rex
953 2529 1269 2616 Spartam
1294 2530 1537 2594 urbem
1575 2528 1726 2594 sine
1756 2527 1903 2594 ulla
1934 2526 2119 2594 mole
2153 2527 2514 2617 occupavit
2542 2533 2607 2592 et
2645 2525 2726 2592 ab

600 2633 789 2700 omni
831 2632 1170 2700 maleficio
1216 2635 1643 2723 temperavit.
1694 2636 1924 2715 Quum
1968 2633 2053 2699 ad
2094 2634 2639 2723 Peloponnesios
2690 2655 2729 2699 a

604 2740 994 2807 Cleomenis
1029 2742 1306 2807 servitio
1339 2741 1839 2808 abstrahendos
1866 2764 1935 2808 se
1968 2742 2234 2808 venisse
2258 2741 2725 2818 contenderet,

604 2853 671 2915 et
728 2848 1064 2915 libertatis
1107 2872 1176 2916 se
1230 2850 1574 2915 vindicem
1637 2851 1871 2930 ferret,
1931 2851 2187 2916 famam
2233 2848 2732 2916 moderationis

602 2956 969 3023 affectavit.
1005 2957 1187 3023 Eum
1228 2956 1581 3045 Spartanis
1613 2956 1800 3045 leges
1831 2963 1897 3023 et
1924 2956 2221 3023 civitatis
2271 2957 2560 3046 patriam
2594 2957 2737 3021 for-

600 3085 789 3130 mam
820 3063 1200 3130 reddidisse
1240 3063 1576 3153 Polybius
1630 3070 1694 3129 et
1747 3063 2167 3131 Plutarchus
2235 3073 2550 3129 asserunt
2603 3064 2731 3152 (1);

603 3192 775 3235 num
806 3176 1013 3247 reete,
1055 3171 1256 3237 nobis
1290 3171 1837 3238 examinandum
1865 3177 1991 3238 est.

696 3277 875 3343 Sane
915 3278 1199 3366 quidem
1220 3278 1608 3367 Antigonus
1632 3279 1934 3344 restituit
1967 3277 2402 3368 ephoros(2),
2431 3275 2546 3366 qui
2573 3276 2747 3366 opti-

605 3388 822 3450 mates
847 3382 1016 3450 olim
1035 3385 1355 3472 juverant
1385 3391 1446 3450 et
1473 3385 1671 3452 novis
1693 3385 1902 3452 rebus
1928 3386 2011 3452 ab
2038 3384 2261 3473 Agide
2287 3391 2349 3450 et
2381 3383 2748 3451 Cleomene

607 3491 928 3579 cogitatis
961 3493 1209 3558 aeriter
1235 3492 1663 3559 obstiterant.
1685 3494 1940 3561 Decem
1974 3515 2192 3560 annos
2239 3492 2480 3582 ephori
2514 3492 2752 3558 civita-

666 3678 711 3727 1.
739 3700 767 3723 c<
797 3679 1088 3744 Ἀντίγονος
1119 3681 1157 3731 δ’
1190 3680 1434 3747 ἐγκρατὴς
1463 3682 1729 3745 γενόμενος
1752 3684 1799 3737 ἐξ
1826 3681 2007 3746 ἐφόδου
2034 3685 2120 3742 τῆς
2152 3679 2405 3747 Σπάρτης,
2432 3680 2493 3729 τά
2517 3698 2569 3729 τε
2599 3679 2751 3729 λοιπὰ

605 3779 635 3802 «
666 3761 1033 3826 μεγαλοψύχως
1089 3762 1177 3811 καὶ
1252 3763 1610 3828 φιλανθρώπως
1676 3760 1929 3827 ἐχρήσατο
1985 3768 2091 3819 τοῖς
2134 3759 2573 3824 Λακεδαιμονίοις,
2610 3760 2665 3810 τὸ
2705 3778 2755 3809 τε

606 3860 635 3883 «
655 3840 929 3904 πολίτευμα
950 3843 1005 3892 τὸ
1026 3843 1232 3907 πάτριον
1256 3842 1428 3900 αὐτοῖς
1448 3841 1791 3904 καταστήσας.
1825 3860 1851 3885 »
1877 3842 2115 3905 (Poma,
2131 3841 2193 3898 II,
2221 3857 2335 3900 mx,
2360 3843 2419 3903 1).
2449 3861 2472 3882 α
2572 3841 2758 3903 νόμους

607 3943 636 3966 «
665 3922 753 3972 καὶ
779 3921 1029 3972 πολιτείαν
1052 3922 1331 3990 ἀποδοὺς...
1365 3944 1389 3964 ι·
1424 3923 1630 3986 (Ριυτ.,
1653 3922 1878 3982 Cleom.‚
1906 3922 2071 3973 XXX.
2102 3923 2166 3985 1).
2202 3923 2472 3985 V.quoque
2491 3922 2754 3982 PAUSAN„

606 4004 756 4064 11,1x,
789 4003 835 4049 2.
869 4001 983 4064 Ipse
1013 4005 1186 4052 tamen
1218 4005 1483 4052 POLYssms
1504 4003 1602 4051 alio
1633 4004 1751 4051 loeo
1786 4002 1893 4064 (IV,
1928 4017 2102 4060 Lxxm,
2137 4002 2214 4065 11)
2241 4002 2444 4064 scripsit
2474 4017 2557 4050 res
2598 4002 2754 4052 Lace·

608 4083 987 4133 daemoniorum
1045 4084 1257 4131 omnino
1324 4086 1543 4132 mutatas
1602 4096 1718 4132 esse
1755 4104 1784 4127 α
1843 4083 1923 4147 ἀφ’
1993 4075 2051 4133 οὗ
2107 4083 2393 4146 Κλεομένης
2462 4083 2754 4150 ὁλοσχερῶς

608 4184 637 4207 «
670 4165 915 4215 κατέλυσε
940 4165 995 4214 τὸ
1026 4163 1234 4231 πάτριον
1264 4164 1557 4228 πολίτευμα.
1605 4183 1632 4209 »
1682 4163 1781 4212 His
1813 4164 1979 4213 verbis
2002 4165 2185 4213 fatetur
2226 4178 2384 4212 novas
2429 4176 2514 4210 res
2545 4176 2646 4211 non
2692 4163 2755 4212 ab

611 4247 752 4294 omni
779 4250 918 4305 parte
950 4244 1175 4293 sublatas
1197 4259 1332 4294 esse.

672 4325 832 4375 2.·Cf.
862 4329 1071 4384 Pom'ss„
1105 4324 1196 4385 IV,
1224 4340 1349 4383 xxn,
1382 4324 1438 4382 ὃς
1471 4340 1625 4382 xxxv,
1660 4326 1708 4384 5,
1742 4327 1842 4374 ete.
