3419 5466
1578 781 1900 840 ...39-

665 941 884 1033 ripam
922 941 1202 1008 Eurotae
1236 939 1546 1007 dextram
1588 939 1934 1029 proficisci
1967 936 2320 1029 parabant.
2360 937 2725 1008 Obstructo
2765 963 2807 1009 a

662 1047 1014 1138 Spartanis
1059 1047 1375 1129 flumine,
1423 1046 1661 1114 dextra
1700 1046 2152 1114 obtinuerunt
2196 1068 2416 1136 aquae,
2466 1068 2548 1113 eo
2597 1047 2805 1116 modo

663 1161 741 1222 ut
787 1153 1115 1244 Philippo
1163 1175 1285 1244 per
1327 1154 1501 1221 laeva
1542 1154 1673 1219 iter
1723 1152 2127 1220 faciendum
2172 1159 2375 1229 esset,
2430 1153 2499 1218 id
2548 1159 2647 1221 est
2691 1155 2809 1222 via

665 1267 962 1351 angusta
1001 1261 1182 1328 inter
1237 1282 1514 1327 amnem
1557 1266 1622 1328 et
1661 1261 1921 1328 montis
1964 1259 2291 1327 Menelaii
2336 1259 2603 1327 radices
2645 1261 2802 1330 sita.

665 1368 1027 1460 Lycurgus
1055 1391 1212 1436 cum
1247 1368 1517 1435 duobus
1550 1366 1863 1434 millibus
1897 1372 2323 1433 armatorum
2357 1366 2571 1435 colles
2603 1389 2808 1434 occu-

667 1475 855 1566 pavit
880 1481 944 1542 et
974 1474 1528 1542 Lacedaemonios
1557 1473 1630 1540 in
1660 1473 1829 1541 urbe
1860 1472 2144 1557 relictos
2174 1473 2381 1562 jussit
2415 1475 2612 1563 signo
2644 1473 2805 1542 dato

669 1582 881 1664 exire,
918 1588 996 1649 ut
1034 1582 1443 1650 Macedones
1480 1578 2262 1648 circumclauderentur.
2302 1579 2438 1647 Sed
2475 1603 2585 1648 res
2621 1581 2803 1650 male

667 1690 1023 1756 successit.
1059 1688 1430 1779 Philippus
1464 1686 1765 1754 collibus
1794 1686 2198 1778 Lycurgum
2236 1685 2511 1778 dejecit,
2546 1687 2802 1787 milites

664 1795 837 1863 urbe
875 1818 1191 1884 egressos
1231 1793 1563 1885 propulit,
1601 1800 1690 1876 et,
1728 1815 1981 1885 magna
2010 1793 2321 1861 hostium
2352 1793 2801 1862 multitudine

663 1901 916 1984 occisa,
947 1926 1031 1971 ex
1059 1901 1423 1969 Laconicis
1460 1901 1716 1968 finibus
1759 1904 2034 1991 postera
2064 1900 2175 1967 die
2218 1899 2367 1967 sine
2401 1898 2635 1968 labore
2667 1901 2804 1968 dis-

664 2009 870 2076 cessit
899 2014 964 2076 et
997 2008 1412 2076 Corinthum
1441 2008 1691 2098 petivit
1724 2008 1848 2097 (1).

747 2114 1038 2182 Ineunte
1079 2119 1317 2182 aestate
1359 2113 1522 2180 anni
1562 2137 1626 2182 a.
1675 2114 1748 2182 C.
1795 2116 1949 2192 217,
1988 2114 2353 2205 Lycurgus
2388 2113 2804 2183 Messeniam

657 2244 896 2289 rursus
918 2221 1241 2289 invadere
1268 2222 1491 2288 voluit
1517 2228 1584 2288 et
1614 2229 1777 2289 cuin
1810 2221 2131 2312 Pyrrhia,
2152 2219 2486 2288 Eleorum
2510 2226 2802 2311 praetore

659 2330 778 2419 qui
827 2352 987 2396 cum
1036 2329 1287 2396 AEtolis
1336 2329 1630 2410 stabant,
1678 2328 1974 2396 consilia
2020 2328 2586 2396 communicavit.
2633 2328 2807 2418 Pyr-

658 2436 844 2502 rhias
887 2458 1048 2503 vero
1093 2435 1592 2526 mediocriores
1634 2436 1871 2526 copias
1915 2433 2205 2503 adduxit
2245 2458 2375 2503 nec
2415 2434 2802 2526 quidquam

660 2547 890 2609 actum
923 2547 1022 2609 est
1048 2542 1168 2631 (2).
1196 2542 1418 2610 Paulo
1450 2547 1608 2633 post
1634 2540 1881 2609 habuit
1904 2533 2118 2609 fin'em
2150 2549 2501 2609 certamen
2529 2546 2803 2607 tantum

657 2655 723 2719 et
753 2655 898 2716 tam
929 2648 1158 2717 inane.
1198 2648 1509 2716 Concilio
1543 2647 1630 2715 ad
1660 2649 2101 2739 Naupactum
2143 2654 2548 2727 convocam,
2584 2647 2806 2715 Mace-

659 2757 871 2825 dones
922 2763 987 2825 et
1036 2757 1280 2824 Achaei
1330 2778 1494 2824 cum
1542 2756 1817 2841 AEtolis‚
1876 2780 2041 2848 ergo
2096 2779 2259 2824 cum
2308 2779 2548 2825 eorum
2599 2754 2801 2823 sociis

654 2887 897 2956 pacem
931 2869 1498 2955 composuerunt.
1534 2864 1945 2932 Pactionem
1991 2864 2332 2955 Polybius
2362 2862 2687 2931 omnibus
2719 2886 2803 2930 ex

660 2971 969 3062 partibus
1016 2970 1335 3062 persequi
1385 2969 1562 3037 nihil
1612 2971 1885 3038 curavit
1935 2971 2057 3060 (3).
2110 2969 2801 3037 Lacedaemoniorum

659 3079 828 3147 fines
882 3100 1026 3146 non
1074 3078 1379 3168 prolatas
1435 3100 1606 3157 esse,
1662 3087 1732 3146 at
1782 3100 1902 3146 eos
1954 3077 2198 3145 saltem
2251 3100 2291 3143 a
2340 3077 2800 3143 Macedonum

658 3188 986 3255 societate
1027 3185 1410 3252 abstractos
1454 3184 1529 3251 in
1574 3189 1933 3275 posterum
1976 3184 2314 3251 mansisse
2352 3181 2798 3273 manifestum

658 3298 758 3360 est
792 3293 912 3383 (4).

745 3401 952 3490 ErgO,
981 3398 1163 3489 quod
1190 3398 1276 3465 ad
1307 3397 1575 3466 bellum
1632 3398 1907 3478 attinet,
1938 3398 2301 3489 Lycurgus
2339 3420 2500 3488 spes
2534 3402 2599 3464 et
2638 3420 2801 3464 con-

659 3505 816 3573 silia
849 3505 1024 3574 bene
1060 3509 1427 3573 exsecutus
1468 3510 1569 3573 est
1608 3503 1920 3596 partium
1968 3527 2266 3596 quarum
2326 3527 2453 3595 ope
2498 3525 2799 3595 regnum

657 3613 1041 3682 exercebat.
1088 3610 1364 3679 Timide
1422 3617 1663 3680 contra
1723 3612 1864 3703 egit
1917 3611 1990 3679 in
2044 3612 2407 3703 republica
2470 3611 2795 3702 gerenda.

655 3721 1084 3811 Optimatum
1114 3720 1503 3812 privilegiis
1547 3742 1708 3787 eum
1752 3718 2174 3787 abstinuisse
2216 3742 2325 3786 res
2350 3741 2552 3787 novae
2575 3740 2614 3785 a
2646 3718 2801 3786 Chi-

657 3827 817 3896 lone
849 3827 1163 3918 cogitatae
1194 3827 1362 3895 satis
1395 3825 1900 3896 demonstrant.
1921 3826 2120 3895 Chilo
2148 3826 2266 3894 ille
2298 3826 2801 3917 Eurypontida-

652 3957 811 4002 rum
837 3956 1091 4025 genere
1122 3939 1316 4002 ortus
1349 3940 1498 4002 erat
1537 3938 1606 4002 et
1639 3934 1947 4025 Lycurgi
1999 3934 2371 4025 imperium
2406 3955 2586 4024 aegre
2625 3933 2800 4000 fere-

716 4150 762 4201 1.
798 4149 1017 4208 Pomm„
1049 4150 1110 4208 V,
1142 4162 1192 4208 v,
1219 4147 1276 4209 13
1311 4163 1438 4209 xvn,
1474 4148 1591 4209 1·2;
1626 4162 1917 4200 xv1n·xx1v.

711 4230 761 4281 2.
786 4230 1010 4289 Pomm„
1036 4227 1103 4289 V,
1138 4242 1238 4288 και,
1265 4227 1296 4276 3
1319 4244 1335 4289 ;
1369 4242 1490 4290 xcn,
1516 4228 1613 4279 26.

713 4311 762 4362 3.
789 4311 1010 4369 Pomm„
1041 4308 1108 4369 V,
1139 4321 1314 4359 cn-cv.

712 4392 762 4443 4.
790 4390 862 4442 Gt.
888 4390 1128 4441 Chleneae
1160 4388 1466 4449 orationem,
1493 4403 1575 4452 ap.
1602 4389 1826 4452 Pomm.⁸
1853 4389 1943 4452 lx,
1973 4404 2112 4441 xxxt.
