3419 5466
1559 814 1879 873 ..74-

655 974 947 1045 Romani
976 972 1468 1065 accipiendam.
1489 971 1731 1041 Achaei
1755 994 1920 1040 vero
1947 972 2214 1041 bellum
2228 971 2585 1063 Spartanis
2611 974 2790 1042 intu-

656 1083 888 1152 lerunt
918 1086 984 1149 et
1015 1102 1259 1149 eorum
1290 1079 1459 1147 fines
1491 1084 1962 1148 vastaverunt.

744 1188 1060 1266 Romani,
1102 1188 1504 1255 etiamnunc
1544 1186 1787 1254 incerti
1830 1185 1998 1276 quid
2033 1187 2105 1253 in
2142 1186 2409 1255 Graecia
2440 1188 2791 1279 agendum

654 1302 856 1375 esset,
900 1294 1136 1363 animo
1180 1293 1594 1385 pendebant.
1650 1293 1744 1362 M.
1791 1294 1845 1360 F
1850 1293 2103 1373 ulviuS,
2153 1316 2373 1384 quum
2422 1294 2791 1385 Spartanos

654 1409 848 1471 tanta
886 1403 1250 1469 offerentes
1292 1400 1622 1491 repellere
1661 1421 1807 1468 non
1847 1401 2078 1479 vellet,
2124 1404 2489 1492 utramque
2528 1409 2792 1492 partem

653 1510 838 1579 bello
870 1508 1216 1576 abstinere
1247 1513 1315 1575 et
1340 1507 1603 1598 legatos
1631 1509 1927 1576 Romam
1952 1507 2229 1576 mittere
2253 1509 2488 1598 jussit.
2514 1509 2789 1600 Legatis

654 1615 933 1697 auditiS,
949 1636 1365 1706 responsum
1382 1614 1677 1682 Senatus
1694 1613 1998 1682 reddidit
2013 1613 2442 1705 perplexum.
2464 1615 2724 1683 Roman
2736 1615 2793 1683 is

655 1721 1177 1799 fluctuantibUS,
1215 1720 1704 1812 Philopoemen
1734 1721 2172 1790 occasionem
2194 1743 2348 1789 ¹non
2378 1723 2616 1791 amisit
2646 1746 2795 1791 rem

656 1828 1094 1899 conficiendi.
1126 1829 1396 1896 Praetor
1424 1828 1677 1896 iterum
1707 1829 1954 1902 factus,
1981 1829 2361 1897 exercitum
2394 1829 2695 1922 collegit,
2729 1837 2795 1898 et

652 1938 837 2005 veris
869 1937 1034 2004 anni
1067 1937 1195 2003 188
1226 1936 1452 2014 initio,
1486 1957 1645 2003 cum
1675 1934 2040 2003 exsulibus
2071 1936 2448 2004 Laconiam
2478 1937 2703 2013 inivit,
2731 1941 2797 2004 et

655 2042 919 2136 legatos
963 2043 1154 2112 misit
1194 2042 1278 2109 ad
1317 2046 1634 2110 auctores
1675 2042 2086 2110 defectionis
2128 2041 2619 2134 deposcendos.
2658 2044 2794 2126 Qui

655 2174 726 2219 se
773 2150 1267 2242 permiserunt,
1313 2149 1445 2217 fide
1495 2156 1772 2240 accepta
1811 2172 1851 2216 a
1897 2149 2144 2241 legatis
2186 2149 2331 2217 vim
2375 2150 2787 2229 abfuturam,

655 2258 874 2327 donec
901 2279 1180 2324 causam
1206 2255 1562 2338 dixissent,
1589 2263 1841 2324 etcum
1865 2256 2282 2347 quibusdam
2308 2256 2467 2324 aliis
2488 2257 2788 2324 iverunt.

651 2367 746 2433 At
775 2388 859 2434 ex
889 2364 997 2431 his
1041 2363 1401 2452 octoginta
1441 2363 1524 2431 ab
1568 2363 1928 2432 exsulibus
1968 2362 2364 2431 furentibus
2408 2370 2479 2431 et
2514 2364 2791 2432 Achaeis

654 2471 840 2562 apud
874 2471 1317 2561 Compasium
1361 2470 1658 2537 interfici
1700 2469 2189 2560 Philopoemen
2234 2474 2354 2536 aut
2393 2492 2536 2538 non
2571 2472 2795 2561 potuit

654 2584 775 2646 aut
824 2578 1050 2646 noluit
1098 2576 1493 2666 prohibere.
1552 2577 1898 2644 Praeterea
1946 2576 2307 2666 Spartanis
2367 2577 2793 2647 conditiones

655 2683 1018 2754 constituit
1048 2705 1290 2775 graves
1320 2689 1526 2775 atque
1565 2683 1869 2752 acerbaS.

746 2865 801 2931 Ι.
853 2863 1051 2932 Ilotae
1105 2868 1174 2931 et
1222 2863 1571 2953 peregrini
1624 2885 1797 2952 quos
1845 2862 2066 2931 Nabis
2116 2864 2393 2932 civitate
2445 2865 2556 2932 vel
2610 2866 2795 2954 agris

651 2971 1035 3062 *donaverat
1060 2970 1263 3038 bonis
1289 2969 1477 3038 exuti
1506 2977 1573 3037 et
1602 2975 1783 3037 terra
1813 2970 2154 3038 Laconica
2190 2971 2377 3061 pulsi
2414 2980 2598 3039 sunt.
2638 2971 2795 3039 Tria

656 3077 884 3146 millia
918 3099 1001 3144 ex
1037 3077 1171 3159 his,
1206 3099 1426 3166 quum
1474 3075 1827 3144 discedere
1868 3075 2276 3159 abnuerent,
2312 3084 2567 3166 praetor
2597 3100 2797 3144 com-

657 3184 1027 3276 prehendit
1046 3192 1114 3252 et
1143 3183 1472 3251 vendidit.
1493 3183 1832 3251 Nonnulli
1860 3184 2175 3252 absentes
2205 3184 2451 3274 capitis
2484 3185 2796 3253 damnati

659 3297 842 3359 sunt.
880 3290 1172 3358 Exsules
1214 3297 1474 3368 contra,
1512 3298 1578 3358 et
1616 3291 1688 3357 in
1743 3289 1827 3357 iis
1868 3292 2092 3358 Areus
2146 3295 2214 3357 et
2243 3290 2665 3374 Alcibiades,
2703 3291 2784 3360 de

658 3398 912 3489 quibus
943 3398 1124 3465 infra
1155 3419 1337 3488 saepe
1365 3396 1760 3485 loquemur,
1795 3397 2077 3465 fuerunt
2107 3397 2406 3467 reducti.

747 3577 836 3645 ΙΙ.
901 3577 1276 3667 Spartanos
1331 3576 1402 3642 in
1462 3582 1874 3667 perpetuum
1933 3574 2270 3643 conficere
2329 3585 2395 3643 et
2448 3582 2793 3666 proterere

660 3683 1148 3774 Philopoemen
1179 3681 1506 3750 decrevit.
1542 3681 1784 3773 Itaque
1824 3703 2064 3749 muros
2106 3682 2303 3749 urbis
2343 3681 2525 3750 dirui
2557 3684 2791 3771 jussit,

660 3796 729 3858 et
772 3812 923 3879 quae
968 3813 1076 3857 res
1121 3789 1308 3857 cives
1353 3789 1601 3856 acerbo
1655 3787 1891 3856 dolore
1940 3787 2195 3869 affecit,
2247 3788 2552 3880 Lycurgi
2609 3790 2794 3880 leges

660 3917 1026 3988 moresque
1060 3896 1446 3985 abrogavit,
1483 3902 1562 3963 ut
1601 3895 2019 3964 Achaeorum
2050 3893 2494 3986 disciplinam
2529 3876 2797 3963 adoles-⁰·

660 4009 894 4071 centes
925 4003 1320 4093 acciperent
1350 4023 1733 4092 eorumque
1766 4000 2041 4091 legibus
2068 4007 2137 4068 et
2160 4000 2499 4069 institutis
2529 4024 2799 4070 assues-

662 4117 916 4179 cerent.

749 4286 875 4356 111.
923 4286 1238 4377 Denique
1284 4308 1530 4376 agrum
1570 4284 2037 4368 Belbinatem,
2080 4284 2355 4375 jamdiu
2396 4289 2469 4353 in
2513 4291 2802 4353 contro-

660 4395 960 4462 versiam
1007 4392 1410 4476 adductum,
1433 4393 1735 4460 restituit
1777 4390 2400 4493 MegalopolitaniS,
2444 4392 2798 4483 perpetuis
