3419 5466
1586 826 1906 887 -63-

765 984 1003 1068 Nabis,
1039 985 1113 1051 in
1142 985 1536 1055 AEtolorum
1564 987 1826 1055 auxilio
1855 986 2145 1054 fortasse
2173 988 2397 1078 posita
2429 1011 2572 1080 spe,
2605 993 2815 1058 conti-

678 1093 839 1161 dere
870 1115 1111 1160 rursus
1140 1099 1439 1185 coeperat
1457 1101 1524 1162 et
1545 1094 1728 1162 hanc
1756 1095 1995 1185 populi
2026 1094 2604 1185 significationem
2636 1097 2814 1166 invi-

677 1206 968 1269 taverat.
1000 1200 1131 1268 Per
1162 1207 1458 1293 quatuor
1497 1201 1644 1269 dies
1676 1201 1952 1269 crebras
1989 1225 2074 1269 ex
2117 1202 2370 1293 oppido
2407 1205 2808 1294 eruptiones

674 1307 861 1388 facit,
899 1308 1011 1376 sed
1045 1329 1292 1397 parum
1318 1308 1616 1399 proficit.
1648 1307 1835 1389 Quid
1857 1314 2097 1398 postea
2121 1314 2354 1377 actum
2382 1310 2473 1377 sit
2492 1310 2564 1377 in
2588 1311 2810 1379 diver-

673 1436 831 1483 sum
893 1425 1204 1484 auctores
1261 1415 1571 1483 trahunt.
1646 1414 1825 1482 Sunt
1873 1416 2017 1506 qui,
2079 1416 2171 1483 ait
2231 1415 2494 1499 Livius,
2538 1419 2809 1494 tradant

675 1527 1048 1612 tyrannum
1079 1525 1300 1589 castra
1327 1522 1638 1611 posuisse
1680 1521 2007 1590 adversus
2039 1524 2517 1591 Romanorum
2552 1530 2796 1610 castra,

676 1634 767 1709 et,
828 1629 1069 1696 multis
1128 1628 1373 1697 diebus
1421 1651 1543 1720 per
1623 1628 2129 1697 dubitationem
2201 1633 2658 1722 consumptiS,
2715 1632 2801 1699 ad

675 1740 1065 1804 extremum
1118 1736 1265 1804 acie
1310 1736 1680 1827 confligere
1730 1741 2073 1818 coactum,
2120 1758 2202 1804 eo
2253 1737 2492 1828 praelio
2542 1740 2805 1807 victum

671 1866 914 1934 pacem
948 1844 1296 1934 petivisse,
1321 1866 1479 1911 cum
1503 1843 1908 1912 cecidissent
1935 1843 2340 1935 quindecim
2362 1845 2592 1914 millia
2619 1847 2809 1915 mili-

672 1956 846 2027 tum,
883 1956 1081 2042 capta
1122 1950 1277 2041 plus
1322 1957 1622 2045 quatuor
1663 1949 1893 2018 millia
1939 1956 2188 2018 essent.
2243 1951 2490 2020 Livius
2517 1975 2680 2021 vero
2731 1954 2805 2021 in

670 2057 1112 2125 traditionem
1142 2058 1682 2149 frequentiorem
1742 2064 1808 2126 et
1854 2057 2424 2127 verisimiliorem
2456 2061 2801 2130 transivit.

672 2164 928 2247 Quinta
979 2164 1112 2248 die,
1153 2164 1226 2232 in
1269 2165 1598 2255 praelium
1645 2173 1990 2235 venerunt
2030 2164 2327 2256 justum,
2385 2166 2507 2234 sed
2556 2190 2805 2259 parum

670 2278 1071 2347 cruentum:
1153 2273 1359 2363 paulo
1447 2278 1627 2362 post,
1688 2272 2061 2354 Quinctius
2145 2272 2417 2340 urbem·
2462 2273 2805 2364 tripartito

670 2401 1037 2470 aggressus
1101 2384 1224 2457 est,
1283 2384 1350 2447 et
1401 2378 1663 2447 viribus
1732 2379 2170 2467 praestantior
2236 2378 2805 2448 Lacedaemonios

671 2485 1144 2578 oppressisset,
1162 2485 1298 2552 nisi
1330 2485 1766 2577 Pythagoras
1798 2486 2130 2554 succendi
2163 2486 2456 2554 aedificia
2486 2487 2805 2577 proxima

669 2615 869 2661 muro
919 2592 1262 2683 jussisset.
1326 2592 1739 2684 Imperator,
1785 2599 2104 2660 metuens
2161 2616 2247 2660 ne
2301 2591 2445 2682 jam
2509 2594 2805 2683 ingressi

667 2699 929 2769 milites
961 2721 1002 2769 a
1031 2700 1277 2769 ceteris
1300 2699 1946 2780 intercluderentur,
1983 2699 2293 2791 receptui
2325 2722 2573 2769 canere
2593 2700 2807 2791 jussit

670 2814 736 2877 et
768 2807 1322 2899 Romanipedem
1353 2809 1767 2876 retulerunt.
1802 2808 2325 2896 At>„quumloco
2342 2813 2551 2875 staret
2566 2814 2632 2876 et
2655 2831 2809 2899 ope-

670 2916 863 2984 ribus
904 2916 1151 2983 urbem
1187 2915 1485 3005 saepiret,
1518 2913 1738 2982 Nabis
1768 2915 2080 2982 animum
2112 2914 2368 3006 abJ‘ecit
2400 2920 2466 2981 et
2494 2914 2804 2984 hostium

666 3023 986 3113 potestati
1041 3045 1111 3090 se
1159 3020 1502 3112 permisit.
1562 3021 1826 3089 Eodem
1876 3028 2212 3111 tempore,
2262 3021 2330 3086 in
2379 3020 2803 3112 Argivorum

670 3129 944 3198 civitate
972 3130 1391 3221 optimatum
1423 3150 1534 3195 res
1561 3128 1944 3196 resurrexit
1973 3135 2041 3195 et
2071 3127 2588 3195 Lacedaemonii
2617 3129 2824 3220 pulsi⁵

667 3244 832 3304 sunt
860 3221 981 3327 (1).

754 3343 962 3411 Nabis
992 3343 1204 3432 igitur
1235 3343 1496 3411 subivit
1548 3342 1980 3410 conditiones
2011 3364 2178 3432 quas
2205 3342 2446 3433 paucis
2476 3348 2633 3412 ante
2661 3342 2804 3412 die-

664 3448 792 3519 bus
822 3455 1289 3518 recusaverat.

750 3667 805 3735 I.
848 3666 1136 3756 Oppidis
1166 3664 1588 3754 Argivorum
1621 3686 1774 3753 quae
1804 3662 2030 3731 adhuc
2060 3663 2441 3753 occupabat
2474 3669 2540 3731 et
2570 3662 2802 3731 civita-

659 3773 846 3841 tibus
878 3772 1201 3839 omnibus
1236 3793 1387 3860 quae
1410 3770 1483 3837 in
1516 3770 1726 3838 fidem
1753 3792 1829 3837 ac
1863 3769 2196 3837 ditionem
2223 3767 2467 3860 populi
2500 3769 2800 3838 Romani

662 3902 734 3948 se
769 3879 1190 3947 tradiderant
1232 3884 1569 3968 tyrannus
1617 3875 1939 3968 praesidia
1983 3876 2293 3944 deduxit.
2312 3875 2534 3950 Sociis
2558 3877 2805 3946 Roma·

661 4008 912 4055 norum
944 3985 1335 4053 civitatibus
1369 3984 1664 4052 reddidit
1696 3984 2034 4075 captivoS‚
2065 3984 2410 4075 perfugaS,
2446 3985 2798 4075 mancipia

663 4104 734 4175 et
752 4115 1210 4184 quaecumque
1238 4098 1626 4182 paraverat.

721 4354 767 4403 1.
800 4356 930 4413 Liv„
962 4312 1203 4413 XXXIV,
1245 4351 1409 4402 28-41.
1464 4380 1526 4390 —
1579 4352 1832 4403 Zonanas
1884 4349 1993 4415 (IX,
2042 4350 2120 4416 18)
2153 4351 2375 4404 brevIter
2419 4353 2619 4402 tantum
2655 4364 2799 4403 com-

688 4433 870 4498 plexus
897 4438 976 4485 est
1006 4433 1358 4483 narrationem
1389 4432 1523 4484 Livii
1551 4432 1633 4483 vel
1665 4432 1884 4484 tortasse
1908 4431 2140 4496 Polybli.
