3419 5466
1609 868 1932 925 -49-

695 1027 1006 1119 plerique
1054 1032 1329 1093 tantum
1376 1027 1686 1093 studium
1729 1027 1803 1092 in
1843 1049 2003 1094 eum
2041 1026 2460 1104 habuerunt,
2504 1037 2604 1105 ut,
2651 1051 2832 1097 anno

696 1137 824 1203 195
877 1157 940 1201 a.
996 1134 1098 1218 C.,
1151 1134 1226 1202 T.
1283 1133 1653 1214 Quinctius
1703 1133 2166 1210 Flamininus,
2220 1133 2304 1199 ad
2352 1134 2549 1202 urbis
2599 1146 2836 1226 portas

695 1241 1054 1319 accedenS,
1117 1240 1686 1307 Lacedaemonios
1746 1240 2081 1307 adversus
2143 1247 2518 1330 tyrannum
2578 1244 2834 1310 frustra

693 1346 1119 1430 sollicitaret,
1177 1353 1245 1415 et
1293 1347 1637 1437 posterius
1681 1347 2015 1414 fateretur
2069 1342 2318 1414 Nabim
2368 1348 2569 1416 aliter
2620 1372 2831 1439 quam

694 1456 896 1522 ruina
925 1453 1335 1546 gravissima
1365 1453 1665 1521 civitatis
1699 1476 1843 1520 non
1874 1477 2073 1544 posse
2107 1455 2401 1545 opprimi
2438 1456 2571 1543 (1).

783 1563 965 1628 Ante
1010 1561 1299 1629 Nabidis
1346 1583 1662 1651 regnum,
1709 1561 1987 1634 nullum
2034 1562 2360 1628 aerarium
2400 1563 2836 1631 Lacedaemo·

695 1670 972 1736 nicrum
1015 1667 1413 1759 reipublicae
1464 1672 1631 1735 erat.
1681 1668 1914 1757 Hujus
1962 1667 2065 1734 rei
2113 1669 2523 1736 memoriam
2568 1669 2834 1737 civibus

694 1775 1160 1843 Archidamus
1193 1798 1312 1842 rex
1335 1773 1664 1842 attulerat
1687 1796 1824 1863 quo
1851 1780 2164 1865 tempore
2195 1775 2460 1842 bellum
2488 1777 2831 1867 Pelopon-

690 1883 1047 1950 nesiacum
1074 1904 1239 1949 mox
1271 1890 1417 1949 erat
1448 1881 1934 1970 incipiendum
1964 1881 2085 1970 (2).
2123 1881 2530 1950 Aristoteles
2559 1905 2834 1974 quoque

686 1990 823 2058 hoc
879 1989 1130 2056 Vitium
1185 1988 1565 2055 indicavit:
1626 2012 1662 2053 «
1711 1998 1956 2065 Φαύλως
2001 1997 2059 2055 δὲ
2097 2001 2215 2077 ἔχει
2256 2003 2351 2057 καὶ
2397 2004 2519 2080 περὶ
2565 2005 2635 2056 τὰ
2682 2005 2842 2059 κοινὰ

691 2127 727 2164 «
769 2111 1040 2186 χρήματα
1067 2111 1187 2172 τοῖς
1216 2110 1610 2189 Σπαρτιάταις.
1630 2107 1769 2164 Οὔτε
1803 2110 1908 2185 γὰρ
1944 2108 1996 2163 ἔν
2019 2111 2094 2183 τῷ
2123 2118 2290 2186 κοινῷ
2321 2111 2427 2179 τῆς
2455 2107 2673 2174 πόλεως
2700 2110 2840 2164 ἔστιν

693 2233 728 2270 e
774 2212 933 2269 οὐδὲν
960 2213 1246 2293 πολέμους
1280 2213 1561 2292 μεγάλους
1595 2209 2076 2293 ἀναγκαζομένοις
2120 2216 2410 2292 πολεμεῖν,
2448 2204 2756 2294 εἰσφέρουσί
2786 2237 2843 2271 τε

698 2341 733 2377 <<
774 2318 1419 2392 κακῶς...Ἀποὸέ6ηκὲ
1439 2342 1496 2376 τε
1516 2322 1837 2378 τούναντίον
1867 2331 1943 2400 τῷ
1977 2320 2254 2399 νομοθέτῃ
2280 2327 2377 2378 τοῦ
2408 2323 2791 2405 συμφέροντος
2824 2344 2837 2356 ·

695 2444 731 2488 (
774 2431 879 2498 τὴν
910 2431 1008 2506 μὲν
1038 2431 1143 2510 γὰρ
1170 2427 1331 2486 πόλιν
1358 2432 1663 2498 πεποίηκεν
1690 2423 2046 2509 ἀχρήματον,
2065 2429 2200 2492 τοὺς
2231 2426 2281 2482 δ”
2302 2425 2528 2493 ἰδιώτας
2557 2428 2842 2507 φιλοχρη-

687 2552 724 2594 ‹
775 2536 987 2611 μάτωυς
1019 2524 1138 2613 (3).
1162 2525 1361 2590 »Hoc
1387 2523 1792 2590 Cleomenes
1824 2523 1969 2614 ipse
2000 2524 2265 2591 malum
2290 2546 2432 2591 non
2449 2532 2836 2592 sanaverat.

688 2630 947 2697 Omnia
980 2654 1018 2697 a
1048 2630 1318 2698 Nabide
1349 2636 1610 2698 mutata
1643 2636 1829 2708 sunt,
1859 2629 1982 2697 illa
2007 2630 2340 2698 violentia
2367 2654 2575 2722 quam
2602 2639 2840 2722 postu-

688 2856 875 2905 Nabim
925 2857 1115 2906 civium
1160 2869 1433 2905 numerum
1464 2857 1686 2914 auxisse,
1719 2860 1771 2904 at
1809 2855 2140 2905 solummodo
2168 2855 2325 2905 refert
2356 2870 2476 2905 eum
2507 2858 2670 2905 servis
2707 2858 2843 2905 libe-

678 2937 807 2985 ratis
850 2938 900 2985 et
949 2937 1284 2986 mercenariis
1345 2936 1594 2986 militibus
1644 2937 1709 2985 ad
1722 2936 1863 2985 scitis
1921 2951 2075 2998 agros
2125 2938 2229 2985 imo
2271 2935 2533 2985 ‘familiam
2593 2938 2834 2996 dedisse3

684 3018 960 3080 patro'num
982 3019 1034 3066 et
1053 3031 1229 3077 regem
1248 3017 1685 3066 mercenariorum
1711 3031 1766 3066 se
1783 3018 2047 3066 constituit
2065 3016 2182 3079 (ΐΩν
2200 3017 2488 3083 προστάτην
2514 3017 2603 3067 καὶ
2623 3018 2838 3079 βασιλέα

689 3098 840 3148 αὑτὸν
868 3089 1163 3159 ἀναδείξας).
1189 3097 1302 3146 Vox
1335 3098 1554 3159 patroni
1579 3111 1682 3145 non
1707 3111 1826 3146 vera
1855 3111 1971 3145 esse
1998 3085 2226 3145 videtur.
2254 3095 2592 3145 Manifestum
2623 3100 2702 3145 est
2738 3097 2836 3145 hos

686 3190 868 3226 omnes
892 3177 1096 3238 tyranni
1121 3177 1388 3240 adjutores
1414 3191 1518 3225 non
1538 3177 1934 3238 peregrinorum
1958 3177 2049 3224 sed
2071 3176 2261 3224 civium
2293 3177 2410 3225 loco
2432 3175 2591 3234 fuisse
2620 3189 2632 3224 :
2658 3190 2835 3225 eorum

685 3259 848 3308 Nabis
877 3257 972 3305 fuit
998 3270 1117 3306 rex.
1152 3256 1235 3304 An
1262 3256 1395 3304 Livii
1428 3257 1617 3318 scripta
1652 3258 1757 3304 sint
1787 3244 2098 3305 dilucidiora
2122 3270 2259 3304 nunc
2296 3257 2695 3306 examinandum
2726 3261 2836 3307 est.

688 3339 784 3398 Qui
817 3337 971 3386 refert
998 3336 1186 3385 Nabim
1219 3355 1244 3380 «
1285 3337 1665 3385 multitudinem
1713 3337 1917 3385 auxisse
1948 3353 2005 3396 »ς
2039 3337 2090 3384 ἰη
2122 3337 2220 3386 alio
2252 3338 2370 3385 loco
2402 3337 2619 3386 ciat-iore
2656 3353 2836 3388 servos

683 3419 747 3467 ab
775 3432 835 3465 eo
857 3418 1099 3465 liberatos
1134 3417 1261 3465 dicit
1290 3436 1318 3460 «
1347 3416 1762 3466 Lacedaemoniis
1805 3417 2095 3478 adscriptos
2145 3435 2172 3459 v
2194 3431 2312 3466 esse
2334 3422 2569 3477 vocatos;
2600 3420 2838 3467 «adscri-

677 3497 801 3547 bere
825 3498 1016 3546 civitati
1051 3516 1077 3542 »
1113 3496 1373 3560 significat
1406 3496 1589 3555 gallice
1627 3515 1654 3540 α
1682 3498 1884 3545 donner
1921 3498 1967 3545 le
2010 3498 2146 3545 droit
2186 3498 2250 3547 de
2282 3498 2384 3546 cite
2407 3518 2456 3546 ».
2489 3498 2546 3546 Si
2573 3498 2694 3546 huic
2721 3497 2837 3546 lo'co

678 3579 866 3635 crediS,
891 3577 1154 3639 peregrini
1184 3591 1288 3625 non
1318 3577 1391 3626 ita
1419 3577 1754 3626 vocabantur.
1787 3579 2027 3627 Attamen
2053 3579 2105 3626 hi
2137 3579 2273 3627 haud
2298 3579 2444 3627 aliter
2472 3592 2531 3626 ac
2557 3578 2690 3625 servi
2711 3578 2833 3626 libe-

674 3659 774 3707 rati
812 3658 1074 3718 posterius
1104 3658 1330 3707 tractacti
1367 3662 1487 3706 sunt
1525 3658 1588 3707 ab
1620 3658 1830 3707 Achaeis
1861 3662 1911 3708 et
1963 3659 2233 3708 Romanis,
2274 3659 2441 3709 Simul
2475 3659 2614 3706 enim
2644 3672 2841 3707 merce-

680 3740 852 3787 narios
883 3743 933 3788 et
963 3753 1140 3789 servos
1169 3739 1414 3788 liberatos
1440 3739 1637 3800 pepulit
1658 3739 2026 3801 Philopoemen
2055 3742 2104 3788 et
2126 3741 2350 3788 restituit
2371 3741 2613 3788 Senatus.
2634 3739 2833 3787 Nabide

686 3822 955 3877 regnante,
990 3819 1123 3867 civis
1148 3820 1457 3880 dignitatem
1488 3833 1593 3867 non
1626 3820 1805 3879 magni
1835 3820 2022 3868 factam
2057 3834 2174 3868 esse
2208 3821 2472 3869 credimus
2507 3819 2750 3868 :libertas
2786 3822 2837 3868 et

683 3899 891 3961 tyranni
931 3900 1090 3956 gratia
1126 3899 1455 3948 solummodo
1505 3899 1921 3961 requirebantur.
1975 3900 2082 3948 Aut
2116 3900 2274 3948 Nabis
2317 3902 2667 3949 mercenarios
2711 3915 2835 3948 suos

685 3980 897 4028 civitate
929 3979 1158 4041 donavit,
1192 3983 1278 4028 aut
1298 3981 1372 4029 eis
1392 3982 1514 4042 jura
1546 3982 1812 4042 praecipua
1848 3981 2064 4040 largitus
2098 3983 2178 4029 est
2208 3983 2258 4029 et
2288 3995 2380 4028 eos
2398 3985 2454 4028 ut
2483 3981 2625 4030 cives
2656 3994 2835 4030 revera

689 4059 941 4109 tractavit.
970 4061 1187 4108 Tantum
1216 4065 1335 4119 post
1376 4063 1637 4108 mortuum
1668 4063 1965 4121 tyrannum,
1999 4062 2113 4123 ejus
2145 4061 2327 4109 amicis
2350 4062 2471 4123 jura
2499 4062 2587 4109 illa
2620 4062 2672 4108 in
2711 4075 2835 4110 con-

694 4141 999 4190 troversiam
1025 4139 1246 4187 deducta
1270 4139 1488 4189 fuerunt.

761 4220 804 4267 1.
831 4220 961 4277 Liv.‚
991 4219 1234 4278 XXXIV,
1258 4218 1334 4276 33,
1368 4220 1447 4270 49.

758 4300 806 4346 2.
837 4301 1097 4358 Trium-n„
1122 4300 1161 4359 Ι,
1189 4301 1271 4351 80.

763 4379 810 4427 3.
842 4383 1042 4440 Ae1s'r.,
1070 4381 1232 4430 Polie.
1264 4382 1327 4439 ΙΙ,
1357 4381 1503 4442 v1,23
1532 4382 1899 4444 (Susemith.
1928 4381 2058 4444 129.)
2083 4409 2146 4417 —
2172 4382 2253 4432 Cf.
2281 4383 2463 4442 PLUT„
2493 4381 2836 4452 Apoplzteqm.

700 4460 888 4509 Lacon.
921 4462 1095 4510 Anax.
1130 4461 1360 4525 Eurycr.
1395 4462 1662 4526 (Moralia,
1689 4463 1774 4512 ed.
1808 4462 1982 4523 Didot‚
2023 4462 2215 4525 1,265).

2526 4564 2560 4617 4
