3419 5466
1507 764 1824 823 ..⁴26-

599 922 951 1011 octoginta
979 921 1433 1012 optimatibus
1465 921 1536 989 in
1574 922 1902 990 exsilium
1932 924 2181 1015 pulsis)
2232 927 2741 1005 Lacedaemone

597 1029 1016 1095 mansissent
1089 1035 1154 1095 et
1207 1028 1388 1119 apud
1446 1028 1810 1097 Sellasiam
1882 1034 2408 1121 pugnavissent‚
2467 1057 2741 1102 necnon

598 1158 852 1225 magna
881 1158 1037 1225 pars
1070 1137 1411 1203 interfecti
1436 1144 1682 1204 essent.
1724 1137 1894 1218 Quae
1932 1161 2152 1228 quum
2179 1140 2275 1207 ita
2303 1148 2557 1218 essent,
2594 1164 2740 1208 non

600 1248 808 1319 recte,
877 1265 1034 1309 meo
1089 1243 1381 1332 judicic,
1442 1243 1917 1334 adscripticios
1983 1248 2170 1314 cives
2234 1248 2315 1314 ab
2374 1249 2735 1338 Antigono

602 1351 825 1440 capite
885 1350 1283 1416 deminutos
1334 1357 1399 1418 et
1452 1352 1523 1416 in
1582 1352 2041 1441 perioecorum
2101 1359 2357 1421 sortem
2410 1354 2739 1423 reductos

602 1479 747 1524 esse
805 1456 1223 1524 Schoemann
1281 1458 1652 1524 arbitratus
1713 1465 1813 1525 est
1854 1461 1974 1549 (1).
2023 1460 2263 1527 Multis
2308 1462 2499 1528 enim
2544 1462 2742 1551 Spar-

601 1566 780 1631 tanis
811 1565 885 1629 in
916 1565 1101 1631 bello
1161 1564 1432 1641 occisis,
1488 1565 1707 1654 magis
1754 1589 1964 1656 quam
2023 1590 2333 1657 unquam
2390 1568 2560 1635 alias
2620 1592 2738 1636 ne·

603 1694 791 1739 cesse
819 1682 963 1738 erat
992 1694 1213 1737 novos
1238 1672 1564 1738 homines
1596 1673 1669 1738 in
1701 1673 1976 1740 civitate
2010 1674 2286 1741 habere.
2323 1677 2740 1766 Peregrinos

604 1781 1019 1869 intempore
1062 1778 1183 1844 illo
1228 1788 1293 1845 et
1333 1779 1407 1844 in
1444 1784 1801 1869 posterum
1836 1803 1980 1847 non
2021 1780 2253 1848 solum
2315 1805 2458 1849 non
2498 1782 2745 1873 pulsos

606 1886 722 1953 sed
775 1886 1047 1975 magnis
1096 1884 1485 1952 honoribus
1532 1909 1571 1952 a
1618 1888 2170 1955 Lacedaemoniis
2217 1896 2536 1979 acceptos
2597 1913 2748 1956 esse

605 1993 960 2060 decretum
1038 2016 1077 2058 a
1149 1992 1437 2061 Vischer
1515 2001 1578 2060 et
1638 1995 1934 2061 Foucart
1987 1995 2350 2062 inventum
2429 1997 2750 2063 demons-

605 2103 784 2166 trare
816 2100 1015 2167 nobis
1045 2099 1346 2181 videtur,
1382 2123 1541 2189 quc,
1580 2102 2055 2169 verisimiliter
2090 2105 2271 2170 circa
2311 2126 2575 2173 annum
2618 2105 2747 2170 220

607 2229 667 2274 a.
708 2207 814 2288 C„
855 2207 1365 2274 Lacedaemonii
1414 2207 1688 2274 cuidam
1732 2211 2056 2277 Damioni
2095 2210 2581 2278 Ambraciensi
2635 2210 2752 2277 de-

607 2314 858 2381 derunt
902 2316 1334 2405 proxeniam,
1398 2315 1698 2397 laudem,
1752 2317 1868 2406 jus
1926 2318 2417 2384 communibus
2484 2318 2752 2384 mensis

609 2421 1042 2501 considendi,
1079 2422 1622 2504 immunitatem,
1650 2422 1973 2514 denique,
2014 2425 2210 2512 quod.
2236 2426 2321 2490 ad
2363 2448 2521 2492 eum
2564 2427 2748 2491 diem

607 2532 894 2597 fortasse
928 2552 1288 2620 nunquam
1319 2553 1450 2596 usu
1476 2531 1549 2595 in
1583 2531 1713 2597 hac
1744 2530 2104 2621 republica
2135 2533 2593 2621 venisset,y·73«;
2654 2547 2749 2600 καὶ

611 2651 798 2712 οἰκίας
828 2649 1107 2723 ἔγκτησιν,
1145 2651 1191 2702 εἰ
1220 2651 1424 2705 οἰκοῖεν
1455 2650 1507 2702 ἐν
1538 2647 1921 2727 Λακεδαίμονι
1956 2647 2067 2728 (2).
2148 2639 2251 2705 Ita
2330 2639 2747 2706 Damionem

610 2745 1184 2811 Lacedaemonem
1232 2744 1478 2810 urbem
1515 2744 1874 2813 domicilio
1933 2746 2190 2837 eligere
2241 2748 2552 2837 cupiunt.
2612 2745 2747 2812 Cur

613 2874 774 2918 eum
804 2851 1078 2918 civitate
1112 2874 1252 2917 non
1302 2852 1708 2919 donaverint
1762 2854 2049 2920 fortasse
2100 2853 2233 2920 dici
2282 2860 2526 2945 potest.
2593 2853 2746 2920 Non

616 2957 819 3025 aliter
851 2981 1058 3049 quam
1089 2958 1582 3041 Athenienses,
1619 2960 1939 3050 Spartani
1979 2984 2248 3052 semper
2286 2961 2608 3049 proxenis
2641 2960 2748 3025 usi

616 3073 781 3133 sunt
808 3071 883 3132 ut
916 3089 1034 3156 per
1065 3067 1278 3132 eos-in
1308 3066 1458 3132 aliis
1490 3067 1888 3133 civitatibus
1922 3067 2090 3157 quid
2117 3074 2434 3158 ageretur
2465 3090 2756 3162 cognos-

618 3178 852 3240 cerent
900 3181 966 3240 et
1006 3175 1308 3241 occultas
1360 3178 1538 3240 artes
1579 3196 1992 3264 componere
2045 3185 2327 3264 possent
2391 3177 2507 3264 (3).
2580 3176 2752 3255 Quae

618 3302 838 3369 quum
866 3281 961 3347 ita
991 3288 1239 3357 essent,
1276 3280 1692 3348 Damionem
1725 3304 2006 3348 manere
2043 3282 2267 3349 civem
2298 3283 2756 3349 Ambracien-

621 3409 767 3453 sem
795 3397 861 3455 et
888 3386 964 3454 in
993 3388 1287 3478 patriam
1323 3411 1519 3454 suam
1548 3411 1727 3478 saepe
1761 3389 2036 3467 reverti,
2074 3388 2333 3457 idcirco
2366 3412 2757 3480 proxenum

620 3517 768 3562 esse
818 3517 947 3562 nec
998 3494 1223 3562 civem
1266 3496 1686 3585 Spartanum
1734 3518 2137 3586 quanquam
2186 3481 2759 3564 Lacedaemonem

621 3602 980 3670 domicilio
1011 3601 1405 3680 habentem,
1444 3602 1847 3669 voluerunt.

708 3711 912 3801 Ergo,
949 3715 1026 3776 ut
1055 3709 1341 3800 quidem
1374 3732 1500 3799 ego
1534 3709 1778 3785 senti0‚
1825 3708 1932 3775 illi
1970 3710 2087 3800 qui
2132 3710 2483 3777 civitatem
2521 3727 2761 3777 conse-

621 3818 764 3884 cuti
816 3825 1009 3885 erant
1059 3840 1203 3885 non
1253 3840 1403 3884 eam
1450 3817 1862 3898 amiserunt,
1916 3817 2217 3907 satisque
2267 3818 2506 3885 habuit
2552 3819 2756 3885 Anti—

581 3928 848 4015 gonus
894 3926 1246 4014 octoginta
1289 3923 1561 3991 exsules
1619 3924 2011 3991 restituere.
2075 3921 2543 4002 Quamobrem
2612 3925 2759 4015 agri

691 4144 738 4190 1.
771 4141 1104 4197 SCHOEMANN,
1137 4138 1450 4202 Proleyom.,
1484 4143 1508 4198 ἓ
1535 4138 1666 4189 ΧΙΙΙ.

692 4222 737 4270 2.
776 4221 1033 4277 V1scHEa,
1057 4220 1304 4281 Inscript.
1332 4220 1511 4283 Spart.
1541 4221 1672 4278 octo,
1700 4234 1751 4280 p.
1783 4218 1814 4267 6
1846 4218 1983 4281 (cum
2019 4219 2358 4281 apographo).
2397 4221 2470 4267 LE
2503 4220 2761 4269 Bas-Fou-

630 4317 780 4361 cAa‘r,
812 4304 901 4352 194
931 4316 980 4347 a.
1457 4340 1460 4343 ,

693 4385 739 4433 3.
777 4382 849 4433 Cf.
886 4382 1207 4439 MoNCEAux,
1237 4381 1523 4429 Proxenies
1553 4394 1824 4443 ,qr-cemma,
1853 4394 1903 4441 p.
1930 4379 2160 4429 152453.
