3419 5466
1534 793 1854 853 -36-

622 977 786 1025 vero
812 952 1263 1046 optimatibus
1290 952 1766 1042 indulgebant.
1803 952 1904 1019 De
1930 949 2314 1056 Heraclidis
2351 936 2425 1017 in
2462 973 2753 1042 regnum

620 1061 1062 1131 restituendis
1094 1059 1327 1127 statim
1361 1059 1744 1127 deliberare
1768 1059 2304 1148 [recusaverunt3
2337 1065 2406 1126 at
2446 1059 2752 1149 quidem,

625 1191 846 1259 quum
897 1167 1447 1236 adolescentium
1492 1166 1903 1234 seditionem
1953 1171 2361 1244 metuerent,
2417 1166 2758 1234 Machatae

625 1276 1032 1343 concionem
1064 1274 1264 1341 inviti
1292 1273 1654 1342 dederunt.
1685 1272 1996 1341 Concilio
2024 1273 2260 1364 populi
2290 1273 2519 1339 statim
2549 1272 2753 1339 advo-

624 1388 776 1450 cato
823 1389 886 1449 et
927 1382 1235 1448 Machata
1282 1380 1543 1469 audito,
1594 1380 1712 1446 diu
1757 1379 1838 1448 de
1878 1381 2232 1471 proposita
2284 1403 2356 1446 re
2416 1385 2751 1447 certatum

627 1496 750 1557 est.
782 1488 1156 1556 Seniorum
1180 1488 1529 1567 nonnulli,
1564 1487 1907 1555 revocatis
1937 1487 2199 1577 populo
2236 1488 2309 1552 in
2341 1487 2751 1554 memoriam

620 1595 1020 1663 AEtolorum
1072 1594 1458 1673 maleficiiS,
1506 1594 1624 1684 qui
1668 1594 1856 1662 haud
1904 1594 2174 1684 pridem
2216 1616 2334 1684 per
2377 1594 2754 1661 Laconiam

621 1701 1351 1792 populabundi-essent
1374 1702 1605 1792 vagati
1643 1708 1709 1768 et
1749 1701 2096 1793 perioecos
2138 1703 2399 1768 multos
2427 1700 2760 1768 abduxis-

621 1815 798 1887 sent,
835 1808 921 1875 ad
970 1814 1362 1874 extremum
1416 1806 1849 1876 auditoribus
1890 1814 2382 1898 persuaserunt
2431 1815 2507 1875 ut
2533 1809 2756 1876 Mace-

623 1914 892 1982 donum
929 1913 1315 1981 amicitiam
1353 1914 1684 1984 colerent.
1722 1915 1834 1982 Sic
1868 1915 2220 1983 Machatas
2261 1915 2514 1982 infecta
2552 1937 2624 1982 re
2670 1913 2757 1979 ad

622 2020 897 2089 AEtolos
921 2021 1147 2088 rediit.

711 2128 890 2195 Tum
942 2129 1060 2218 qui
1109 2127 1315 2194 rebus
1356 2128 1558 2195 novis
1605 2126 2001 2211 studebant,
2035 2129 2107 2194 vi
2156 2151 2399 2196 rursus
2447 2151 2648 2218 agere
2690 2135 2757 2197 et

621 2234 922 2323 ephoros
953 2235 1146 2302 velut
1178 2257 1399 2326 nuper
1424 2235 1885 2302 Adimantum
1909 2235 2192 2326 perdere
2217 2235 2750 2303 constituerunt.

618 2341 890 2409 Rursus
924 2364 1200 2433 quoque
1234 2342 1712 2409 adolescentes
1748 2341 2183 2433 propositum
2221 2343 2757 2433 perpetrandum

622 2459 1097 2539 susceperunt.
1147 2449 1299 2530 Qua
1354 2449 1461 2515 die
1522 2450 1832 2540 quinque
1892 2449 2135 2538 ephori
2191 2451 2753 2517 caerimoniarum

621 2554 851 2624 officia
880 2555 966 2620 ad
987 2556 1225 2622 fanum
1260 2555 1590 2623 Minervae
1624 2556 2200 2646 exsequebantur,
2237 2579 2320 2622 ex
2353 2556 2758 2623 adolescen-

619 2660 808 2728 tibus
858 2661 976 2751 qui
1039 2684 1365 2752 pompam
1425 2662 1771 2729 ducebant
1832 2663 2153 2730 nonnulli
2218 2663 2451 2730 subito
2506 2665 2754 2754 magis-

619 2773 837 2835 tratus
864 2769 1265 2835 invaserunt
1298 2775 1363 2835 et
1394 2770 1478 2835 ad
1509 2792 1701 2836 aram
1735 2770 2250 2837 interfecerunt.
2285 2772 2338 2836 E
2371 2771 2757 2838 senioribus

619 2875 789 2966 ipsis
831 2874 1113 2965 quidam
1154 2875 1476 2942 trucidati
1516 2881 1701 2943 sunt.
1739 2876 1989 2944 Postea
2035 2876 2392 2944 seditionis
2442 2885 2757 2945 auctores

621 2983 720 3050 eis
753 2983 872 3071 qui
909 2981 1163 3049 AEtolis
1195 2983 1470 3048 fuerant
1499 2982 1828 3050 contrarii
1858 2983 2183 3051 exsilium
2226 2985 2618 3074 irrogarunt
2664 2992 2749 3065 et,

620 3089 1074 3180 optimatibus
1103 3090 1174 3155 in
1214 3095 1555 3157 terrorem
1613 3090 1713 3156 sic
1769 3091 2128 3181 conjectiS,
2166 3091 2464 3180 ephoros
2506 3115 2590 3158 ex
2626 3115 2751 3159 suo

578 3233 581 3236 ·
618 3218 911 3263 numero
971 3196 1355 3286 elegerunt,
1401 3195 1519 3285 qui
1573 3194 1656 3263 ab
1715 3197 1968 3264 AEtolis
2009 3197 2236 3264 foedus
2278 3198 2534 3265 sociale
2580 3200 2755 3289 peti-

620 3309 894 3370 verunt.
930 3304 1275 3370 Praeterea
1321 3303 1607 3371 factioni
1648 3302 1773 3381 illi,
1811 3311 1886 3371 ut
1942 3305 2235 3371 consilia
2279 3328 2405 3371 sua
2434 3305 2519 3371 ad
2557 3306 2756 3372 effec-

618 3413 768 3475 tum
824 3416 1048 3476 totum
1091 3409 1485 3489 adduceret,
1525 3412 2000 3478 restituendus
2043 3423 2186 3478 erat
2212 3412 2753 3479 'Heraclidarum

613 3517 1065 3607 principatus,
1106 3515 1176 3583 Si
1228 3517 1504 3606 Polybii
1550 3518 1860 3585 narratio
1916 3541 2026 3586 me
2058 3542 2200 3585 non
2252 3518 2457 3600 fallit,
2494 3519 2761 3587 adoles—

618 3630 849 3691 centes
883 3623 1329 3692 Cleomenem
1361 3646 1525 3691 mox
1553 3647 2003 3692 reversurum
2025 3625 2515 3715 exspectabant
2541 3632 2606 3692 et
2632 3647 2754 3716 pro

617 3752 697 3798 eo
733 3731 1067 3819 agebant;
1106 3729 1348 3821 procul
1395 3730 1614 3797 dubio
1665 3732 1899 3820 ipsum
1939 3735 2087 3798 toto
2134 3732 2371 3799 animo
2409 3733 2754 3800 intentum

618 3858 765 3904 esse
798 3843 874 3904 ut
904 3839 976 3904 in
1006 3839 1299 3928 patriam
1346 3838 1606 3904 rediret
1643 3845 2142 3925 cognoverant.
2169 3838 2457 3906 Interim
2490 3840 2572 3908 de
2600 3840 2751 3931 ejus

616 3948 837 4012 morte
891 3944 1207 4012 auditum
1256 3952 1378 4012 est.
1427 3945 1620 4011 Tunc
1661 3945 1904 4035 ephori
1947 3944 2242 4013 alterum
2283 3969 2519 4037 regem
2558 3969 2758 4015 crea-

617 4056 783 4124 runt
833 4074 915 4117 ex
966 4051 1254 4141 Agiadis
1319 4051 1749 4141 Agesipolin‚
1808 4057 2004 4120 aetate
2053 4076 2374 4143 puerum.
2435 4054 2754 4122 Alterum

618 4181 879 4247 regem,
937 4158 1435 4248 Eurypontidis
1484 4158 1871 4249 praeteritiS‚
1929 4159 2333 4250 Lycurgum
2382 4161 2753 4251 quemdam

620 4267 1006 4357 elegerunt,
1054 4268 1254 4353 cujus
1311 4266 1609 4354 majores
1671 4266 1956 4357 quidem
2011 4267 2184 4334 solio
2235 4290 2599 4358 nunquam
2642 4268 2752 4335 usi

622 4381 854 4457 erant3
892 4374 1004 4440 hic
1034 4395 1222 4455 verO,
1254 4378 1329 4440 ut
1366 4373 1455 4439 ait
1485 4373 1842 4465 Polybius,
1878 4368 2220 4442 talentum
2251 4377 2499 4464 cuique
2533 4375 2749 4465 epho-
