3419 5466
1580 772 1903 831 -79-

665 932 1085 1022 reciperent;
1124 929 1416 999 Chaeron
1439 934 1696 1011 autem,
1729 930 1815 998 ad
1841 936 2233 999 extremum
2265 932 2616 1023 prodienS,
2639 933 2801 1003 illos

666 1039 786 1130 qui
823 1038 1068 1106 mortis
1127 1037 1431 1105 damnati
1487 1038 1570 1105 ab
1622 1038 1901 1107 Achaeis
1936 1048 2055 1105 aut
2111 1039 2184 1106 in
2242 1038 2571 1108 exsilium
2614 1042 2798 1133 pulsi

665 1146 941 1213 fuerant
971 1144 1212 1212 reduci
1254 1144 1567 1212 volebat.
1613 1145 1874 1214 Omnes
1916 1145 2204 1212 tandem
2256 1146 2663 1237 reipublicae
2714 1149 2802 1216 li-

663 1252 1003 1320 bertatem
1040 1257 1105 1319 et
1149 1251 1554 1341 resurgendi
1601 1252 2010 1319 facultatem
2058 1252 2257 1319 reddi
2304 1264 2796 1344 poposcerunt.

667 1360 966 1427 Senatus
997 1359 1309 1451 Appium
1344 1358 1733 1436 Claudium,
1782 1359 1865 1440 Q.
1905 1359 2269 1428 Caecilium
2315 1365 2380 1427 et
2428 1360 2503 1429 T.
2545 1361 2800 1442 Quinc-

663 1467 843 1533 tium
870 1466 1351 1533 Flamininum
1373 1465 1654 1557 delegit,
1686 1466 1805 1557 qui
1839 1467 2385 1533 controversiam
2408 1489 2566 1534 cum
2596 1469 2800 1558 Spar-

662 1583 990 1641 tanorum
1045 1572 1291 1664 legatis
1348 1574 1726 1664 agitarent;
1778 1572 1960 1663 quod
2020 1571 2316 1640 arduum
2364 1581 2532 1656 erat,
2586 1598 2801 1664 quum

663 1687 897 1771 optata
958 1681 1137 1747 inter
1189 1702 1259 1746 se
1317 1687 1733 1771 pugnarent,
1809 1702 1885 1746 ac
1955 1683 2286 1769 praeterea
2357 1681 2650 1749 Romani
2716 1683 2799 1750 ab

662 1788 1077 1855 Achaeorum
1108 1787 1467 1855 voluntate
1494 1787 1788 1855 omnino
1825 1809 1895 1853 se
1927 1784 2319 1853 abalienare
2346 1810 2488 1855 non
2513 1789 2794 1857 vellent.

661 1894 975 1985 Denique
1016 1906 1155 1961 tres
1186 1893 1316 1960 viri
1350 1893 1529 1962 hanc
1551 1894 1983 1961 sententiam
2015 1891 2365 1972 dixerunt,
2404 1917 2556 1983 quae
2596 1896 2800 1986 Spar-

661 2002 842 2067 tanis
868 2023 1122 2091 magna
1148 2023 1231 2068 ex
1265 2005 1455 2090 parte
1487 1999 1821 2067 satisfecit
1856 2021 1870 2067 ε

749 2170 805 2236 Ι.
857 2169 1150 2237 Nabidis
1182 2170 1488 2237 fautores
1525 2168 1643 2261 qui
1690 2192 1730 2236 a
1776 2168 2305 2261 Philopoemene
2348 2170 2533 2260 pulsi
2577 2179 2794 2251 erant,

658 2278 792 2359 vel,
831 2277 902 2343 in
934 2278 1173 2366 fugam
1218 2276 1560 2359 inclinati,
1599 2276 1913 2365 absentes
1951 2277 2260 2344 damnati
2301 2277 2545 2343 mortis
2577 2285 2793 2358 erant,

659 2385 733 2450 in
777 2384 1069 2470 patriam
1113 2383 1382 2450 reducti
1435 2390 1621 2464 sunt,
1685 2404 1901 2472 quum
1952 2382 2021 2450 id
2079 2390 2344 2451 vetaret
2373 2383 2797 2453 Achaeorum

660 2490 1017 2558 decretum
1035 2489 1382 2557 columnae
1405 2489 1819 2580 inscriptum
1833 2540 1848 2556 .
1875 2489 2422 2557 Pronuntiatum
2443 2495 2543 2557 est
2560 2490 2795 2584 inique

659 2598 930 2665 occisos
958 2619 1105 2665 esse
1140 2619 1319 2693 quos,
1339 2597 1582 2665 Achaei
1614 2596 2034 2664 occiderant.

746 2770 834 2836 II.
893 2769 1272 2859 Optimates
1322 2790 1362 2835 a
1386 2766 1913 2857 Philopoemene
1945 2769 2247 2835 restituti
2282 2769 2461 2836 nihil
2494 2771 2793 2863 amplius

658 2878 1231 2967 impetraverunt.

748 3048 872 3115 III.
930 3046 1285 3137 Spartanis
1317 3043 1524 3111 licuit
1549 3044 1808 3110 moenia
1839 3044 2148 3124 reficere,
2178 3049 2271 3123 et,
2306 3049 2382 3112 ut
2411 3045 2588 3111 mihi
2608 3045 2800 3116 vide-

660 3159 797 3236 tur,
830 3153 1140 3244 Lycurgi
1172 3151 1610 3242 disciplinam
1636 3173 1879 3218 rursus
1910 3172 2254 3218 exercere.

747 3315 867 3383 IV.
927 3313 1183 3381 Civitas
1212 3312 1284 3379 in
1313 3311 1619 3380 Achaico
1650 3309 1950 3378 concilio
1974 3311 2253 3378 mansit.
2280 3295 2397 3394 At,
2432 3312 2617 3403 quod
2647 3336 2798 3403 per·
2892 3310 2895 3314 ’

657 3442 991 3511 magnum
1017 3425 1186 3497 erat,
1208 3417 1530 3507 Spartani
1555 3418 1801 3508 capitis
1824 3416 2093 3506 judicia
2114 3439 2257 3484 non
2274 3416 2360 3483 ad
2376 3418 2795 3487 Achaeorum

561 3573 564 3578 ›
607 3535 618 3544 '
660 3525 1062 3604 concilium,
1091 3525 1208 3592 sed
1242 3523 1326 3590 ad
1354 3530 1625 3591 exteros
1651 3523 1753 3610 (id
1772 3528 1873 3591 est
1890 3522 1975 3589 ad
2006 3523 2341 3590 Senatum
2369 3524 2792 3612 Romanum)

658 3634 921 3702 deferre
957 3638 1354 3723 potuerunt.

748 3793 1187 3869 Xenarchus,
1225 3791 1344 3882 qui
1378 3792 1676 3859 Romam
1702 3790 1786 3857 ab
1824 3759 2101 3857 Achaeis
2137 3790 2393 3857 missus
2431 3796 2599 3874 erat,
2633 3792 2790 3863 illas

659 3900 1093 3970 conditiones
1114 3898 1406 3989 probare
1440 3897 1700 3975 debuit,
1740 3902 1829 3978 et,
1860 3902 1937 3964 ut
1958 3896 2476 3986 perficerentur,
2507 3898 2589 3980 Q.
2620 3900 2795 3968 Mar-

659 4009 806 4077 cius
843 4007 915 4074 in
966 4003 1534 4095 Peloponnesum
1580 4003 1848 4094 legatus
1890 4004 2044 4070 fuit.
2072 4003 2180 4092 (In
2234 4003 2577 4097 principio
2628 4007 2791 4073 anni

661 4118 787 4185 183
820 4139 883 4183 a.
922 4116 1027 4206 o.)
1062 4115 1185 4205 (1).

718 4296 769 4347 1.
808 4295 1025 4354 Poma,
1053 4291 1246 4353 XXIV,
1278 4306 1347 4343 ιν.
1379 4317 1440 4327 -
1470 4293 1601 4352 L1v.,
1627 4289 1870 4350 XXXIX,
1900 4289 1980 4339 48.
2007 4317 2070 4326 -
2095 4293 2348 4351 Pansam„
2383 4292 2492 4352 vll,
2523 4305 2595 4354 1x,
2637 4291 2687 4343 5.
2733 4318 2798 4333 -

523 4374 535 4385 ‘
658 4374 736 4442 Cf.
765 4379 949 4438 Pnur„
976 4374 1202 4436 Philop„
1234 4371 1368 4433 XVI,
1399 4370 1448 4421 7.
1479 4370 1722 4432 Senatus,
1750 4384 1914 4434 quum
1942 4369 2212 4434 Spartanis
2241 4371 2563 4435 permitteret
2578 4371 2642 4422 ad
2663 4376 2795 4424 exte·
