3419 5466
1543 770 1869 827 ..44-

627 932 934 1002 Numero
964 927 1307 1019 plurimos
1339 932 1403 995 et
1441 925 1528 994 ad
1565 926 1827 995 bellum
1869 924 2245 1019 prudentes
2290 926 2536 995 habuit
2570 926 2767 994 mili-

626 1042 730 1105 tes
758 1036 880 1125 (1).
917 1035 1219 1127 Tyranni
1250 1033 1622 1103 ambitione
1667 1038 1734 1100 et
1767 1034 2017 1125 opibus
2061 1035 2381 1101 omnium
2425 1035 2766 1125 Pelopon-

626 1142 986 1213 nesiorum
1036 1142 1425 1210 libertatem
1484 1141 1861 1231 periclitari
1914 1142 2142 1231 potuit
2218 1141 2405 1208 credi
2478 1141 2601 1231 (2).
2662 1141 2766 1209 Ita

624 1250 1065 1320 Machanidas
1096 1249 1324 1336 magis
1348 1248 1567 1316 valuit
1598 1254 1664 1316 et
1705 1248 1972 1338 majore
2015 1248 2087 1314 in
2130 1253 2322 1315 metu
2375 1248 2511 1314 fuit
2559 1272 2766 1338 quam

624 1358 1006 1448 LycurguS‚
1026 1379 1147 1424 seu
1163 1356 1424 1446 ingenii
1438 1353 1939 1446 praestantioris
1954 1377 2181 1437 causa,
2203 1377 2326 1422 seu
2342 1355 2766 1423 Achaeorum

622 1474 774 1554 post
829 1464 1125 1532 Aratum
1174 1469 1530 1532 mortuum
1590 1463 1662 1528 in
1721 1460 2024 1529 deterius
2083 1463 2444 1553 lapsorum
2498 1462 2765 1532 benefi-

625 1570 731 1639 cio
766 1571 890 1660 (3).

711 1678 821 1745 Ad
880 1676 1145 1746 bellum
1207 1675 1620 1767 gerendum,
1679 1675 2123 1744 Machanidas
2170 1698 2331 1744 cum
2395 1676 2648 1743 AEtolis
2702 1681 2769 1744 et

621 1784 952 1853 Romanis
980 1806 1122 1851 non
1157 1782 1590 1851 consensisse
1616 1789 1689 1851 at
1717 1782 1927 1850 libere
1958 1783 2179 1874 egisse
2210 1782 2509 1852 videtur.
2544 1782 2766 1850 Annis

621 1893 920 1959 208-207
967 1915 1029 1960 a.
1081 1890 1187 1974 C.,
1250 1878 1505 1959 finibus
1562 1889 1986 1981 Argivorum
2038 1894 2259 1958 castra
2318 1895 2650 1970 metatUS,
2695 1889 2768 1956 in

620 2002 954 2066 terrorem
977 1997 1274 2066 Achaeos
1301 1997 1626 2088 conjecit,
1647 1997 1767 2087 qui
1792 1996 2135 2064 auxilium
2163 2020 2203 2065 a
2227 1996 2555 2088 Philippo
2588 1998 2766 2088 peti-

620 2110 897 2173 verunt.
930 2104 1164 2185 Quum
1202 2110 1437 2173 autem
1477 2103 1941 2177 Macedonum
1982 2110 2220 2193 regem
2263 2103 2528 2172 bellum
2576 2104 2768 2173 AEto-

620 2209 834 2279 licum
887 2216 1270 2302 occuparet,
1351 2209 1798 2281 Machanidas
1860 2210 2344 2302 Olympiorum
2412 2210 2764 2279 ludicrum

618 2321 936 2409 parantes
962 2318 1171 2387 Eleos
1200 2316 1525 2386 invadere
1552 2317 1924 2386 constituit
1958 2317 2079 2407 (4),
2108 2317 2226 2384 sed
2257 2317 2327 2384 id
2358 2322 2763 2409 praevertere

621 2430 845 2493 certus
903 2425 1272 2515 Philippus
1327 2446 1489 2492 cum
1543 2425 1856 2492 exercitu
1909 2424 2320 2492 Corinthum
2385 2424 2759 2507 descendit,

619 2530 945 2597 Heraeam
977 2532 1271 2609 venit‚et
1300 2532 1485 2598 fama
1515 2531 1856 2599 adventus
1889 2530 1994 2598 sui
2030 2530 2513 2598 Machanidam
2553 2532 2766 2599 Lace-

620 2636 1008 2704 daemonem
1037 2638 1408 2727 confugere
1450 2639 1676 2727 coegit
1732 2637 1853 2726 (5).
1910 2637 2042 2719 Qui
2083 2659 2245 2705 vero
2294 2637 2556 2706 bellum
2599 2659 2766 2706 mox

616 2744 1113 2835 redintegravit
1170 2754 1259 2824 et,
1326 2745 1398 2811 in
1444 2745 1744 2812 Arcadia
1800 2745 2023 2835 Tegea
2086 2746 2347 2836 oppido
2399 2751 2758 2837 occupato,

617 2850 796 2919 vires
822 2856 1146 2941 expertus
1179 2857 1279 2919 est
1305 2873 1467 2918 cum
1496 2850 2053 2941 Philopoemene.

707 2959 1222 3048 Philopoemen,
1279 2980 1494 3047 quum
1546 2958 1665 3025 diu
1720 2957 1795 3024 in
1845 2957 2049 3025 Creta
2120 2960 2513 3043 mansisset,
2583 2960 2765 3027 circa

619 3088 882 3133 annum
937 3069 1064 3133 212
1121 3087 1182 3132 a.
1245 3065 1320 3134 C.
1380 3065 1453 3131 in
1511 3064 1845 3133 Graeciam
1920 3087 2266 3146 reversuS,
2340 3067 2765 3134 Achaeorum

618 3174 1000 3240 exercitum
1044 3194 1355 3240 recreare
1412 3181 1714 3262 coeperat
1768 3171 1890 3262 (6).
1947 3171 2076 3239 Hic
2137 3179 2382 3240 natura
2438 3172 2763 3240 militaris

619 3278 856 3358 homo,
896 3279 1131 3346 omnia
1171 3279 1363 3369 parvi
1401 3279 1709 3371 pendens
1750 3284 2001 3370 praeter
2053 3279 2348 3359 bellum,
2404 3281 2589 3370 quod
2632 3303 2765 3348 usu

683 3492 728 3543 1.
764 3493 953 3552 PLUT„
982 3491 1213 3554 Philop„
1245 3491 1313 3552 X,
1347 3491 1395 3542 1.

678 3573 727 3622 2.
763 3573 981 3632 Pomm„
1015 3572 1107 3633 XI,
1131 3587 1180 3632 Χ,
1212 3572 1261 3621 9.

680 3653 728 3702 3.
765 3652 840 3703 Cf.
867 3654 1207 3713 Hem-zamae,
1239 3666 1324 3715 op.
1348 3652 1459 3711 cit„
1492 3651 1533 3712 I,
1559 3651 1639 3702 40.
1671 3676 1734 3689 —
1761 3652 2040 3715 Fannium,
2073 3666 2162 3716 op.
2193 3653 2424 3714 cit.,-461
2459 3658 2511 3703 et
2540 3667 2654 3717 seq.

676 3733 725 3781 4.
762 3732 1010 3781 Inventus
1042 3737 1121 3783 est
1148 3732 1328 3782 titulus
1357 3732 1531 3781 brevis
1558 3745 1589 3781 a
1619 3732 1844 3794 quodam
1891 3732 2203 3783 Machanida
2233 3734 2435 3784 dicatus
2467 3736 2578 3784 deae
2611 3734 2763 3785 Eilei-

617 3813 775 3864 thuiae
820 3814 902 3863 vel
939 3813 1179 3873 Eleusiae,
1232 3813 1384 3875 cujus
1432 3811 1687 3873 templum
1747 3812 2128 3864 Lacedaemone
2169 3817 2280 3864 erat
2328 3829 2342 3862 ε
2395 3831 2422 3859 «
2459 3813 2761 3881 Μαχανίδας

621 3893 828 3956 ἀνέθηκε
876 3901 958 3944 τᾶι
992 3893 1272 3946 Ἐλευσίαι.
1311 3912 1340 3939 1·
1394 3895 1534 3943 ROSS
1589 3891 2061 3955 (Archaeoloqische
2088 3894 2374 3954 Aufsaetze,
2437 3894 2501 3954 ΙΙ,
2552 3894 2663 3958 667)
2710 3895 2762 3944 et

616 3977 737 4037 post
765 3987 884 4023 eum
911 3974 1161 4024 FoucAaT
1196 3974 1311 4036 (sub
1334 3973 1559 4036 n⁰162e)
1584 3976 1635 4022 et
1656 3973 2073 4023 DITTENBERGER
2097 3972 2213 4038 (sub
2229 3982 2289 4023 n0
2312 3974 2420 4036 191)
2460 3977 2768 4037 putaverunt

617 4053 976 4103 Machanidam
1006 4054 1150 4102 illum
1173 4054 1273 4103 diis
1296 4055 1541 4103 devotum
1570 4066 1687 4102 esse
1723 4054 1964 4102 eumdem
1987 4067 2046 4103 ac
2062 4056 2356 4115 tyrannum.
2389 4054 2557 4104 Vides
2585 4057 2759 4104 tamen

617 4147 647 4183 a
675 4137 892 4195 tyranno
922 4134 1252 4194 sacrilegium
1281 4147 1385 4183 non
1410 4135 1705 4183 recusatum
1731 4146 1867 4183 esse.
1895 4132 2013 4183 Non
2037 4133 2326 4183 mirandum
2356 4138 2455 4183 est.
2490 4134 2642 4184 Multi
2671 4134 2758 4184 alii

616 4214 822 4264 fuerunt
845 4214 1017 4263 devoti
1042 4218 1093 4263 et
1120 4214 1379 4274 sacrilegi.

679 4294 733 4344 5.
774 4295 988 4354 Pomm„
1019 4294 1086 4355 X,
1114 4308 1214 4354 xm,
1241 4294 1288 4343 2.
1318 4320 1382 4330 —
1402 4294 1541 4354 L1v.,
1568 4292 1787 4354 XXVII,
1818 4291 1910 4354 293
1944 4293 2182 4355 XXVIII,
2209 4294 2258 4355 5,
2290 4293 2338 4344 7.

679 4374 728 4425 6.
761 4375 951 4436 Ριυτ.,
982 4373 1215 4436 Philon„
1243 4373 1359 4434 VII,
1385 4373 1482 4425 2-3.
