3419 5466
1477 759 1802 819 ...58—

578 925 969 991 Romanum
999 943 1118 988 seu
1144 919 1596 1011 magnanimo
1635 919 1849 986 animi
1878 921 2078 985 motu
2106 915 2492 1007 impulsum
2524 913 2717 982 Grae-

580 1052 821 1099 corum
852 1028 1245 1096 libertatem
1277 1028 1546 1094 sincere
1574 1024 1943 1116 cupivisse,
1979 1046 2101 1092 seu
2132 1023 2205 1090 in
2238 1021 2360 1089 illa
2394 1022 2711 1090 libertate

580 1159 775 1228 spem
804 1135 1191 1227 reposuisse
1225 1139 1304 1203 ut
1347 1156 1511 1202 mox
1549 1132 1622 1200 hi
1663 1132 1736 1200 in
1768 1131 2072 1200 deterius
2114 1129 2534 1208 laberentur,
2571 1130 2713 1197 sive

582 1244 689 1331 (ut
720 1243 1003 1335 quidem
1032 1265 1158 1333 ego
1192 1242 1440 1331 sentio)
1466 1240 1601 1308 hoc
1631 1245 1906 1307 tantum
1937 1243 2282 1329 spectasse
2304 1241 2406 1319 ut,
2434 1257 2711 1326 quaque

582 1351 863 1418 civitate
884 1349 1030 1417 suis
1055 1349 1328 1441 legibus
1348 1348 1648 1431 vivente,
1665 1346 1862 1413 nulla
1879 1345 2342 1437 praepolleret,
2369 1345 2712 1413 aestimare

581 1462 1210 1546 potes;utcumque
1246 1456 1655 1523 arbitratum
1681 1454 1836 1535 erit,
1868 1453 2163 1520 Senatus
2188 1450 2437 1518 Nabidi
2473 1473 2709 1518 conce-

580 1564 739 1632 dere
765 1564 995 1632 noluit
1026 1586 1158 1631 nec
1204 1561 1434 1653 potuit
1478 1561 1851 1651 imperium
1893 1582 2097 1627 suum
2128 1558 2201 1625 in
2233 1557 2715 1649 Peloponneso

579 1672 912 1761 proferre.
1168 1748 1184 1769 ⁹

671 1778 805 1860 Qui
840 1778 1065 1845 foedus
1112 1799 1272 1845 cum
1310 1776 1640 1866 Philippo
1675 1775 2038 1855 iniverant,
2071 1774 2365 1842 Romam
2394 1772 2713 1863 regressi,

592 1888 1064 1976 exposuerunt
1115 1909 1151 1950 <4
1202 1885 1461 1951 haerere
1507 1888 1575 1950 et
1621 1882 1812 1950 aliud
1865 1883 1939 1949 in
1995 1881 2382 1950 visceribus
2433 1881 2717 1949 Graeciae

584 2017 621 2059 «
661 1993 907 2082 ingens
938 1992 1227 2074 malum,
1261 1990 1512 2058 Nabim
1546 2012 1736 2057 nunc
1764 1987 2488 2071 Lacedaemoniorum,
2523 2011 2710 2067 mox,

586 2122 623 2166 «
682 2099 739 2165 si
757 2098 991 2176 liceat,
1006 2100 1352 2166 universae
1374 2098 1663 2165 Graeciae
1684 2098 2006 2164 futurum
2026 2104 2493 2186 tyrannum...
2516 2095 2637 2163 Cui
2660 2095 2719 2161 si

584 2228 621 2272 «
670 2207 897 2296 Argos
951 2204 1145 2273 velut
1175 2226 1404 2273 arcem
1462 2205 1954 2295 Peloponneso
2014 2203 2418 2293 impositam
2480 2207 2715 2270 tenere

585 2337 621 2379 «
669 2313 893 2390 liceat,
970 2312 1346 2404 deportatis
1429 2313 1500 2378 in
1565 2311 1843 2378 Italiam
1904 2311 2233 2378 Romanis
2303 2310 2719 2377 exercitibus

583 2443 621 2487 ε(
674 2421 1144 2511 nequicquam
1180 2420 1540 2486 liberatam
1575 2442 1612 2486 a
1644 2418 1969 2509 Philippo
2014 2417 2353 2486 Graeciam
2388 2418 2557 2499 fore,
2594 2438 2716 2506 pro

586 2550 622 2594 01<
673 2549 858 2617 rege,
909 2526 967 2592 si
1018 2526 1195 2592 nihil
1248 2526 1464 2607 aliud,
1530 2524 1939 2614 longinquo,
1983 2525 2295 2592 vicinum
2342 2532 2716 2614 tyrannum

584 2655 623 2698 ‹<
675 2633 1044 2700 dominum
1085 2633 1489 2700 habituram
1532 2656 1597 2701 ».
1636 2632 1811 2699 Cum
1853 2631 1974 2699 diu
2016 2630 2468 2720 disceptatum
2509 2636 2708 2709 esset,

585 2741 883 2809 Senatus
912 2740 1241 2822 Quinctio
1269 2740 1456 2829 quod
1483 2740 1569 2808 ad
1596 2739 1850 2807 Nabim
1883 2740 2222 2807 attinebat
2253 2739 2598 2830 permisit;
2629 2737 2715 2805 ob

585 2870 795 2937 quam
854 2870 1132 2914 causam
1187 2848 1248 2914 ei
1303 2847 1678 2938 imperium
1746 2847 1876 2914 fuit
1924 2852 2372 2937 prorogatum
2441 2851 2509 2913 et
2564 2846 2721 2911 duae

583 2954 896 3043 legiones
938 2954 1200 3022 relictae
1240 2954 1524 3022 fuerunt
1559 2954 1742 3043 (195,
1780 2976 2021 3020 mense
2061 2954 2333 3043 martio)
2372 2955 2493 3043 (1).
2530 2954 2724 3019 Tunc

582 3062 872 3129 fortasse
901 3061 1278 3142 Quinctius
1312 3068 1379 3129 et
1409 3061 1628 3129 Nabis
1660 3061 1746 3128 ad
1773 3061 2203 3151 colloquium
2234 3060 2442 3128 inane
2475 3065 2543 3128 et
2572 3067 2722 3127 tur-

580 3168 825 3235 bidum
857 3173 1224 3252 venerunt,
1248 3168 1335 3236 ad
1363 3168 1548 3258 quod
1580 3174 1891 3259 spectent
1917 3168 2063 3236 haec
2090 3167 2446 3235 Strabonis
2465 3167 2715 3235 verba:

582 3274 1077 3343 Macedonibus
1122 3298 1161 3342 a
1213 3276 1529 3343 Romano
1571 3275 1902 3358 subactiS,
1936 3274 2505 3346 Lacedaemonii«
2550 3286 2719 3365 μικρὰ

583 3403 617 3439 <<
654 3387 754 3462 μέν
775 3404 902 3441 τινα
931 3388 1339 3466 προσέκρουσαν
1358 3389 1478 3450 τοῖς
1498 3384 1885 3463 πεμπομένοις
1905 3386 2010 3441 ὑπὸ
2028 3383 2323 3463 Ῥωμαίων
2356 3389 2710 3468 στρατηγοῖς,

584 3502 619 3539 <<
661 3487 1095 3564 τυραννούμενοι
1124 3485 1249 3540 τότε
1279 3486 1373 3538 καὶ
1400 3485 1822 3563 πολιτευόμενοι
1860 3482 2164 3562 μοχθηρῶς
2206 3503 2240 3539 >>
2269 3480 2377 3562 (2).

675 3578 1045 3660 Quinctius
1101 3599 1293 3660 vem,
1350 3599 1620 3668 semper
1684 3580 2088 3647 Graecorum
2151 3579 2598 3646 liberatorem
2655 3598 2725 3644 se

582 3706 854 3774 gerenS,
875 3683 1287 3754 Corinthum
1310 3683 1674 3752 advocavit
1696 3686 2058 3752 civitatum
2091 3685 2442 3752 sociarum
2466 3683 2727 3775 legatos

586 3797 650 3859 et
691 3790 777 3858 ad
817 3814 933 3859 eos
973 3791 1239 3870 retulit,
1290 3816 1327 3859 <<
1378 3796 1617 3859 utrum
1653 3792 1881 3883 Argos
1923 3792 2004 3859 ab
2047 3791 2314 3859 Nabide
2356 3798 2727 3882 occupatos

584 3920 623 3965 ‹<
671 3898 813 3988 pati
836 3898 1100 3967 vellent
1122 3898 1249 3968 sub
1277 3898 1541 3967 ditione
1564 3901 1721 3990 ejus
1744 3921 1918 3981 esse,
1945 3921 2028 3965 an
2064 3922 2342 3989 aequum
2367 3901 2727 3967 censerent

588 4028 625 4073 ⁴<
673 4003 1192 4074 nobilissimam
1222 4007 1910 4097 vetustissimamque
1959 4006 2332 4088 civitatem,
2375 4007 2448 4074 in
2494 4005 2725 4074 media

590 4137 627 4182 ⁴<
678 4111 950 4180 Graecia
980 4112 1208 4191 sitam,
1246 4114 1318 4180 in
1348 4113 1744 4182 libertatem
1778 4114 2042 4204 repeti;
2086 4138 2123 4182 »
2159 4113 2422 4183 addidit
2455 4138 2491 4181 ς
2542 4112 2725 4180 hanc

650 4272 699 4326 1.
734 4273 884 4328 L1v.,
916 4271 1156 4332 XXXIII,
1185 4272 1352 4325 43-45.
1391 4300 1451 4313 -
1472 4276 1701 4338 Jusrm„
1734 4272 1921 4335 XXXI,
1957 4273 2010 4324 1.

647 4353 698 4405 2.
735 4352 953 4413 STRAB„
989 4351 1126 4414 VIII,
1157 4367 1206 4406 v.
1228 4352 1277 4407 5.
