3419 5466
1523 791 1849 851 -67-

626 953 839 1045 legati
869 951 1163 1020 reduces
1185 949 1695 1018 nuntiavissent
1721 951 2069 1018 Romanos
2088 949 2763 1039 classemffmissuroS,

624 1059 868 1129 Achaei
899 1059 1196 1148 Sicyone
1234 1056 1622 1124 concionati
1651 1056 1738 1123 ad
1763 1056 2032 1125 bellum
2065 1057 2447 1146 gerendum
2479 1059 2770 1127 inclina-

628 1173 813 1235 runt.
861 1167 933 1233 T.
977 1164 1370 1247 QuinctiuS‚
1411 1164 1530 1255 qui
1578 1169 1744 1232 tunc
1771 1164 1845 1230 in
1877 1163 2148 1232 Graecia
2188 1165 2468 1249 iterum,
2500 1165 2771 1257 legatus

627 1272 873 1366 populi
941 1271 1258 1347 Romani,
1287 1277 1455 1353 erat,
1497 1271 1796 1339 Achaeos
1838 1273 2158 1340 hortatus
2191 1278 2290 1338 est
2347 1278 2428 1340 ut
2479 1273 2772 1342 classem

629 1382 1021 1448 Romanam
1079 1384 1583 1469 exspectarent.
1651 1379 1745 1446 At
1804 1378 2295 1468 Philopoemen
2324 1379 2464 1470 qui,
2503 1404 2537 1447 e
2571 1382 2775 1450 Creta

631 1486 867 1555 insula
949 1508 1336 1574 regi-essm,
1431 1489 1688 1576 praetor
1769 1485 1992 1553 factus
2068 1493 2236 1567 erat,
2304 1493 2621 1555 metuens
2683 1510 2791 1557 ne*

510 1588 517 1601 ’
633 1583 978 1685 Gythium
1019 1597 1401 1682 caperetur,
1439 1590 1523 1659 ab
1565 1591 1848 1659 Achaeis
1900 1592 2299 1683 impetravit
2332 1599 2408 1660 ut
2438 1595 2775 1685 oppidum

636 1700 816 1768 illud
844 1701 995 1767 sine
1030 1721 1228 1766 mora
1259 1697 1760 1766 sublevaretur.
1797 1698 2015 1766 Rudis
2057 1700 2157 1766 rei
2200 1699 2495 1783 navaliS‚
2526 1724 2778 1770 navem

639 1807 1039 1898 praetoriam
1080 1806 1255 1896 legit
1310 1811 1373 1873 et
1417 1805 1823 1873 conscendit
1881 1805 2397 1898 quadriremem
2441 1812 2781 1877 vetustate

641 1914 998 1982 labentem
1052 1917 1117 1980 et
1174 1913 1320 2003 jam
1377 1917 1679 2003 putrem,
1751 1934 1902 2003 quae
1965 1919 2119 2004 post
2167 1914 2781 2005 quadragesimum

642 2044 908 2090 annum
938 2021 1011 2087 in
1044 2042 1231 2086 mare
1278 2026 1377 2087 est
1426 2018 1749 2088 deducta.
1805 2020 2059 2088 Statim
2104 2021 2320 2090 Nabis
2362 2045 2573 2090 naves
2619 2046 2782 2091 suas

640 2151 854 2197 novas
913 2134 979 2195 et
1033 2127 1266 2195 firmas
1308 2133 1372 2195 et
1424 2133 1673 2195 nautas
1721 2127 1984 2218 peritos
2038 2127 2313 2212 obviam
2361 2129 2783 2198 Achaeorum

642 2234 850 2303 classi
901 2234 1130 2314 misit;
1183 2234 1411 2324 primo
1449 2234 1759 2316 incursu,
1815 2234 2278 2326 quadriremis
2330 2235 2598 2304 divulsa
2651 2244 2776 2320 est,

643 2342 826 2425 capti
863 2342 1005 2408 fere
1038 2363 1282 2408 omnes
1326 2342 1444 2430 qui
1484 2340 1558 2407 in
1601 2341 1763 2407 navi
1800 2346 2017 2422 erant,
2077 2340 2604 2431 Philopoemene
2634 2345 2784 2433 ipso

642 2449 759 2516 vix
846 2447 1103 2537 elapso.
1170 2445 1445 2528 Quibus
1492 2447 1688 2530 visiS,
1767 2451 1993 2515 cetera
2063 2447 2305 2515 classis
2361 2450 2785 2546 Achaeorum

644 2555 828 2646 fugit
857 2555 979 2644 (1).

734 2661 916 2728 Sane
1000 2659 1288 2750 quidem
1345 2659 1555 2727 Nabis
1608 2659 1900 2752 putabat
1980 2660 2593 2753 Philopcemenem
2645 2687 2791 2733 non

645 2792 810 2837 eum
835 2790 983 2836 esse
1033 2769 1152 2859 qui
1196 2768 1512 2835 animum
1542 2767 1875 2858 abjiceret
1902 2775 1966 2838 et
1985 2793 2172 2837 nunc
2203 2770 2582 2839 Laconiam
2608 2776 2790 2840 terra

644 2875 1114 2943 invadendam
1150 2874 1414 2942 moliri.
1442 2876 1682 2967 Itaque
1713 2872 1796 2943 ab
1835 2875 2199 2945 obsidione
2239 2878 2480 2968 Gythii
2515 2880 2790 2947 tertiam

645 2989 915 3073 partem
975 2982 1317 3049 exercitus
1359 2981 1445 3049 ad
1472 2981 1700 3051 Pleias
1735 2982 1954 3051 duxit.
1999 2984 2131 3051 Sed
2160 2983 2257 3050 ibi
2301 2985 2788 3076 Philopoemen

644 3097 859 3159 noctu
890 3095 957 3157 et
987 3089 1366 3179 improviso
1392 3087 1965 3157 Lacedaemonios
1995 3090 2418 3159 dormientes
2450 3093 2793 3183 oppressit

645 3202 712 3264 et
778 3218 946 3264 mox
996 3194 1411 3287 profligavit.
1463 3196 1738 3274 Postea,
1801 3195 2065 3287 Tripoli
2122 3219 2290 3286 agro
2342 3197 2785 3290 depopulato,

646 3302 732 3370 ad
759 3302 1338 3370 Lacedaemonem
1369 3301 1519 3382 ivit,
1556 3325 1635 3371 ea
1666 3306 1897 3371 mente
1929 3309 2009 3371 ut
2034 3303 2286 3371 Nabim
2313 3305 2396 3373 ab
2429 3306 2792 3377 obsidione

649 3408 890 3501 Gythii
932 3408 1324 3485 abduceret,
1362 3415 1429 3477 et
1470 3413 1691 3476 castra
1722 3411 2075 3500 promovit
2113 3410 2199 3477 ad
2240 3411 2791 3483 Barbosthenem

649 3521 986 3594 montem,
1064 3515 1305 3583 decem
1375 3514 1603 3583 millia
1679 3538 2016 3607 passuum
2091 3517 2174 3585 ab
2266 3519 2785 3589 Lacedaemone.

645 3623 936 3692 Interim
970 3644 1133 3691 vero
1171 3622 1508 3712 Gythium
1539 3621 1675 3690 fuit
1716 3646 1757 3691 a
1805 3622 2078 3694 Nabide
2129 3632 2408 3717 captum
2459 3633 2526 3695 et
2577 3650 2798 3697 occu-

643 3735 911 3821 patum,
971 3729 1114 3823 qui,
1167 3752 1327 3796 cum
1381 3730 1527 3797 fere
1576 3730 1904 3798 omnibus
1952 3734 2176 3823 copiis
2229 3734 2372 3801 suis
2417 3733 2577 3803 inde
2622 3759 2795 3827 pro-

645 3837 893 3916 fectuS,
927 3836 1207 3906 Achaeis
1237 3837 1546 3904 occurrit
1571 3841 1736 3905 tunc
1778 3837 2358 3907 Lacedaemonem
2399 3842 2795 3932 petentibus

650 3949 720 4010 et
756 3943 967 4033 longo
1000 3943 1280 4032 agmine
1309 3943 1382 4010 in
1406 3944 1613 4011 arctis
1635 3943 1810 4011 locis
1833 3944 2396 4022 decurrentibus;
2433 3970 2550 4017 eos
2573 3949 2798 4041 impa-

648 4059 834 4117 ratos
876 4051 1166 4117 fortasse
1207 4050 1488 4118 vicisset
1531 4050 1691 4127 nisi,
1727 4055 1931 4119 nocte
1971 4052 2504 4138 interveniente,
2546 4056 2798 4125 incon-

650 4158 832 4225 sulte
888 4156 1486 4247 procrastinasset.
1565 4157 1853 4226 Postera
1928 4158 2067 4244 die,
2154 4162 2479 4253 expedita
2544 4185 2794 4231 manus

707 4317 758 4368 1.
789 4316 926 4378 L1v.,
947 4313 1165 4376 XXXV,
1190 4315 1271 4377 22,
1295 4315 1376 4377 23,
1406 4316 1487 4378 25,
1518 4316 1667 4370 26.-
1692 4316 1925 4381 Jusrm„
1954 4319 2147 4382 xxxl,
2168 4320 2217 4372 3.
2248 4347 2312 4360 -
2345 4322 2537 4384 Pnu‘r„
2563 4323 2794 4391 Philop„

647 4397 793 4459 xlv,
815 4396 911 4449 1·5.
930 4422 996 4436 -
1021 4394 1284 4456 Pansam,
1317 4396 1460 4459 VIII,
1494 4411 1541 4459 L,
1567 4397 1669 4449 651.
