3419 5466
1594 773 1915 834 —89—

685 934 1019 1002 redeunte
1064 932 1356 1023 pristina
1391 932 1647 999 virtute
1686 932 1966 1000 obviam
1997 932 2316 1001 hostibus
2347 932 2647 1014 iverunt,
2679 933 2826 1012 sed,

684 1040 950 1108 viribus
1006 1039 1608 1130 praestantioribus
1678 1039 1942 1122 obtriti,
2006 1038 2161 1107 loco
2232 1040 2567 1108 commoti
2641 1047 2824 1120 sunt,

685 1170 848 1215 oum
880 1145 1064 1215 caede
1092 1146 1287 1213 mille
1315 1147 1653 1236 juvenum
1687 1145 2141 1230 delectorum,
2171 1169 2300 1214 nec
2329 1146 2577 1214 urbem
2608 1147 2826 1237 ipsam

687 1253 1168 1335 servavissent,
1202 1253 1336 1319 nisi
1378 1252 1848 1330 DamocrituS,
1882 1253 2035 1342 ejus
2072 1253 2489 1343 occupandae
2539 1257 2825 1345 praeter-

689 1360 903 1427 missa
940 1360 1483 1451 opportunitate,
1514 1364 1793 1450 tempus
1833 1359 2205 1450 praedando
2244 1361 2818 1451 consumpsisset.

685 1467 929 1536 Achaei
993 1490 1182 1544 vem,
1252 1466 1541 1533 minime
1619 1464 1952 1548 contenti,
2008 1475 2387 1557 arguerunt
2453 1474 2824 1556 praetorem

685 1574 1125 1665 proditioniS,
1162 1578 1226 1642 et
1259 1574 1329 1640 in
1357 1580 1512 1663 ejus
1545 1571 1780 1639 locum
1812 1572 2087 1640 Diaeum
2114 1573 2341 1664 ipsum
2374 1574 2819 1642 suffecerunt.

688 1679 846 1760 Qui,
882 1679 1161 1748 Metello
1193 1683 1495 1772 petente,
1528 1679 1843 1747 inducias
1878 1679 2066 1747 dedit
2092 1679 2261 1747 dum
2291 1679 2497 1771 legati
2529 1680 2826 1748 Senatus

689 1788 1119 1866 accederent,
1190 1787 1309 1854 sed
1370 1787 1651 1854 interim
1715 1786 1971 1878 oppida
2024 1787 2263 1854 omnia
2316 1787 2581 1878 Spartae
2646 1787 2833 1878 obja-

692 1895 921 1961 centia
951 1895 1021 1961 in
1062 1894 1494 1962 thaeorum
1541 1893 1750 1960 fidem
1781 1893 2028 1962 callide
2068 1894 2333 1985 redegit
2379 1899 2447 1961 et
2486 1894 2827 1985 praesidiis

689 2000 994 2069 firmavit
1023 2002 1144 2091 (1).

773 2109 1205 2199 Reipublicae
1265 2106 1475 2176 duces
1541 2108 1807 2198 egregii
1875 2106 2047 2175 adeo
2107 2107 2394 2175 deerant
2458 2115 2533 2176 ut
2601 2108 2830 2176 adhuc

685 2214 1105 2283 Menalcidas
1159 2214 1568 2282 auctoritate
1629 2214 1934 2282 maxime
1987 2213 2270 2283 valeret.
2301 2215 2384 2282 Ei
2431 2215 2831 2283 certaminis

683 2344 853 2390 cura
882 2321 1220 2389 incubuit.
1247 2321 1383 2389 Res
1415 2327 1647 2388 tamen
1686 2321 1766 2387 ad
1833 2320 2168 2388 ultimum
2202 2321 2593 2413 periculum
2624 2345 2831 2391 vene-

689 2437 816 2511 rat,
859 2450 1077 2518 quum
1117 2427 1363 2494 civitas
1419 2434 1521 2495 tot
1562 2426 1856 2517 juvenes
1909 2426 2354 2510 desideraret,
2410 2434 2498 2511 et,
2557 2429 2828 2520 oppidis

689 2534 997 2604 adversis
1028 2534 1275 2613 cincta,
1316 2535 1615 2624 pecunia
1645 2539 1853 2625 atque
1882 2557 2161 2602 annona
2183 2533 2560 2612 laboraret3
2593 2537 2827 2627 fruges

684 2644 876 2710 enim
907 2641 1041 2709 seri
1067 2664 1212 2708 non
1241 2647 1634 2733 potuerant.
1664 2642 1920 2712 Utrum
1944 2642 2422 2709 Romanorum
2451 2642 2827 2711 adventum

690 2761 1082 2841 exspectare
1122 2754 1427 2840 possent,
1475 2772 1562 2815 an
1600 2749 1896 2817 summis
1937 2749 2204 2817 viribus
2253 2751 2488 2818 hostes
2549 2752 2832 2840 aggredi

690 2857 1043 2934 deberent,
1112 2856 1432 2945 Spartani
1522 2855 2110 2945 disceptaverunt.
2170 2858 2485 2947 Denique
2573 2858 2834 2925 Menal-

692 2964 904 3040 cidaS‚
943 2963 1211 3030 nullam
1261 2985 1532 3030 moram
1572 2969 1827 3053 putans
1877 2964 2288 3040 faciendam,
2326 2965 2646 3030 inducias
2679 2988 2829 3031 sus-

689 3071 850 3137 tulit
885 3076 950 3136 et
980 3072 1249 3144 Jasum,
1282 3092 1504 3137 unum
1554 3092 1637 3135 ex
1690 3069 1963 3161 oppidis
2016 3092 2169 3159 quae
2218 3069 2457 3137 Achaei
2511 3070 2831 3160 praesidio

688 3177 1159 3254 firmaverant,
1194 3177 1447 3242 invasit
1477 3180 1541 3242 et
1574 3177 1812 3243 diruit.
1844 3177 1934 3243 At
1966 3175 2239 3255 deinde,
2278 3199 2497 3266 quum
2520 3200 2559 3243 a
2591 3178 2832 3245 multis

690 3282 1047 3372 Spartanis
1121 3283 1656 3372 improbaretur,
1736 3289 1801 3349 et
1870 3283 2188 3350 omnium
2257 3283 2528 3351 animos
2606 3286 2830 3374 frangi

688 3389 981 3467 videret,
1010 3388 1216 3455 rebus
1248 3389 1394 3455 suis
1428 3388 1575 3478 ipse
1613 3389 1884 3456 diffisus
1914 3398 2014 3456 est
2057 3395 2122 3456 et
2164 3412 2435 3457 veneno
2475 3391 2610 3458 sibi
2654 3414 2833 3458 mor-

692 3500 833 3564 tem
867 3494 1203 3563 conscivit
1236 3495 1447 3584 (Ann.
1488 3498 1784 3563 148-147
1815 3519 1876 3563 a.
1915 3495 2020 3584 C.)
2054 3497 2175 3586 (2).

783 3603 970 3669 Inter
1008 3601 1156 3668 haec
1205 3602 1283 3669 L.
1330 3601 1663 3669 Aurelius
1701 3602 1977 3669 Orestes
2014 3605 2359 3694 ceterique
2395 3604 2690 3672 Senatus
2732 3604 2835 3672 le-

693 3711 829 3800 gati
876 3710 947 3775 in
981 3709 1318 3777 Graeciam
1355 3708 1816 3777 advenerunt.
1866 3711 2216 3777 Romanos
2255 3712 2399 3799 jam
2432 3712 2835 3799 quaesivisse

696 3816 933 3884 locum
991 3816 1414 3884 Achaeorum
1464 3815 2047 3894 invadendorum‚
2099 3817 2216 3906 qui
2272 3815 2402 3883 so'li
2464 3817 2692 3885 adhuc
2753 3843 2835 3887 ex

697 3923 965 3992 Graecia
1000 3923 1321 3990 universa
1349 3923 1560 3990 nimis
1592 3926 1907 4014 potentes
1950 3922 2377 4000 viderentur,
2424 3925 2647 3992 credit
2672 3927 2710 3993 J
2717 3950 2836 3993 us-

760 4127 807 4177 1.
835 4107 1098 4185 PAusANJ,
1129 4125 1240 4187 VII,
1278 4142 1364 4186 x11,
1389 4126 1475 4176 3-9
1506 4143 1518 4188 3
1563 4142 1672 4187 xm,
1704 4125 1804 4176 1-6.
1859 4126 1999 4176 Inter
2045 4127 2159 4177 haec
2192 4128 2378 4190 oppida
2427 4127 2626 4191 Spartae
2652 4130 2833 4189 vicina,

699 4209 917 4258 fortasse
939 4210 1086 4256 erant
1122 4207 1431 4257 Geronthrae
1481 4212 1531 4256 et
1575 4208 1791 4266 MariuS‚
1840 4208 2229 4258 mediterraneae
2274 4209 2429 4256 urbes
2476 4208 2668 4258 Nabidi
2712 4211 2836 4258 olim

698 4288 912 4356 relictae,
944 4290 993 4335 at
1018 4288 1275 4347 posterius
1305 4288 1834 4337 Eleutherolaconum
1873 4288 2107 4354 societati
2139 4289 2364 4338 insertae.
2397 4288 2464 4338 V.
2492 4288 2623 4337 infra
2675 4304 2726 4352 p.
2754 4288 2834 4338 94.

761 4370 808 4418 2.
836 4368 1114 4438 PApsAn„
1138 4367 1255 4429 VII,
1279 4381 1387 4426 xm,
1418 4366 1516 4418 7-8.
