<?xml version="1.0" encoding="UTF-8"?>
<!DOCTYPE html PUBLIC "-//W3C//DTD XHTML 1.0 Transitional//EN"
    "http://www.w3.org/TR/xhtml1/DTD/xhtml1-transitional.dtd">
<html xmlns="http://www.w3.org/1999/xhtml" xml:lang="en" lang="en">
 <head>
  <title>
</title>
<meta http-equiv="Content-Type" content="text/html;charset=utf-8" />
  <meta name='ocr-system' content='tesseract 3.04.00' />
  <meta name='ocr-capabilities' content='ocr_page ocr_carea ocr_par ocr_line ocrx_word'/>
</head>
<body>
  <div class='ocr_page' id='page_1' title='image "./delacedaemonior00petigoog_0075.png"; bbox 0 0 3419 5466; ppageno 0'>
   <div class='ocr_carea' id='block_1_1' title="bbox 1565 802 1877 881">
    <p class='ocr_par' dir='ltr' id='par_1_1' title="bbox 1565 802 1877 881">
     <span class='ocr_line' id='line_1_1' title="bbox 1565 802 1877 881; baseline 0 -16"><span class='ocrx_word' id='word_1_1' title='bbox 1565 802 1877 881; x_wconf 50' lang='lat'>461-</span> 
     </span>
    </p>
   </div>
   <div class='ocr_carea' id='block_1_2' title="bbox 662 974 2813 2141">
    <p class='ocr_par' dir='ltr' id='par_1_2' title="bbox 662 974 2813 2141">
     <span class='ocr_line' id='line_1_2' title="bbox 749 974 2801 1070; baseline -0.002 -19"><span class='ocrx_word' id='word_1_2' title='bbox 749 983 1098 1052; x_wconf 89' lang='lat' dir='ltr'>Resistere</span> <span class='ocrx_word' id='word_1_3' title='bbox 1132 986 1198 1049; x_wconf 88' lang='lat' dir='ltr'>et</span> <span class='ocrx_word' id='word_1_4' title='bbox 1226 981 1500 1048; x_wconf 79' lang='lat' dir='ltr'>hostem</span> <span class='ocrx_word' id='word_1_5' title='bbox 1530 986 1805 1048; x_wconf 89' lang='lat' dir='ltr'>tantum</span> <span class='ocrx_word' id='word_1_6' title='bbox 1852 978 2145 1070; x_wconf 86' lang='lat' dir='ltr'>fatigare</span> <span class='ocrx_word' id='word_1_7' title='bbox 2176 974 2511 1070; x_wconf 82' lang='lat' dir='ltr'>tyrannus</span> <span class='ocrx_word' id='word_1_8' title='bbox 2542 979 2801 1049; x_wconf 90' lang='lat' dir='ltr'>consti-</span> 
     </span>
     <span class='ocr_line' id='line_1_3' title="bbox 662 1087 2794 1178; baseline -0 -21"><span class='ocrx_word' id='word_1_9' title='bbox 662 1091 799 1157; x_wconf 86' lang='lat' dir='ltr'>tuit</span> <span class='ocrx_word' id='word_1_10' title='bbox 830 1115 844 1155; x_wconf 90' lang='lat'>:</span> <span class='ocrx_word' id='word_1_11' title='bbox 880 1090 1114 1178; x_wconf 86' lang='lat' dir='ltr'>itaque</span> <span class='ocrx_word' id='word_1_12' title='bbox 1141 1087 1472 1155; x_wconf 90' lang='lat' dir='ltr'>Romanis</span> <span class='ocrx_word' id='word_1_13' title='bbox 1499 1087 1584 1153; x_wconf 90' lang='lat' dir='ltr'>ad</span> <span class='ocrx_word' id='word_1_14' title='bbox 1614 1089 1927 1155; x_wconf 80' lang='lat' dir='ltr'>Eurotan</span> <span class='ocrx_word' id='word_1_15' title='bbox 1960 1109 2239 1155; x_wconf 87' lang='lat' dir='ltr'>amnem</span> <span class='ocrx_word' id='word_1_16' title='bbox 2273 1088 2405 1154; x_wconf 89' lang='lat' dir='ltr'>iter</span> <span class='ocrx_word' id='word_1_17' title='bbox 2435 1110 2581 1155; x_wconf 89' lang='lat' dir='ltr'>esse</span> <span class='ocrx_word' id='word_1_18' title='bbox 2610 1088 2794 1156; x_wconf 89' lang='lat' dir='ltr'>sivit.</span> 
     </span>
     <span class='ocr_line' id='line_1_4' title="bbox 664 1194 2801 1285; baseline -0.003 -17"><span class='ocrx_word' id='word_1_19' title='bbox 664 1198 756 1268; x_wconf 87' lang='lat' dir='ltr'>Ut</span> <span class='ocrx_word' id='word_1_20' title='bbox 781 1218 943 1264; x_wconf 90' lang='lat' dir='ltr'>vero</span> <span class='ocrx_word' id='word_1_21' title='bbox 969 1196 1171 1285; x_wconf 86' lang='lat' dir='ltr'>juxta</span> <span class='ocrx_word' id='word_1_22' title='bbox 1195 1195 1391 1262; x_wconf 89' lang='lat' dir='ltr'>urbis</span> <span class='ocrx_word' id='word_1_23' title='bbox 1431 1217 1673 1261; x_wconf 92' lang='lat' dir='ltr'>muros</span> <span class='ocrx_word' id='word_1_24' title='bbox 1716 1199 1935 1262; x_wconf 91' lang='lat' dir='ltr'>castra</span> <span class='ocrx_word' id='word_1_25' title='bbox 1968 1194 2213 1262; x_wconf 87' lang='lat' dir='ltr'>metari</span> <span class='ocrx_word' id='word_1_26' title='bbox 2263 1199 2645 1285; x_wconf 85' lang='lat' dir='ltr'>coeperunt,</span> <span class='ocrx_word' id='word_1_27' title='bbox 2684 1216 2801 1262; x_wconf 90' lang='lat' dir='ltr'>eos</span> 
     </span>
     <span class='ocr_line' id='line_1_5' title="bbox 662 1300 2805 1392; baseline -0.002 -21"><span class='ocrx_word' id='word_1_28' title='bbox 662 1304 978 1373; x_wconf 88' lang='lat' dir='ltr'>incautos</span> <span class='ocrx_word' id='word_1_29' title='bbox 1002 1302 1313 1392; x_wconf 77' lang='lat' dir='ltr'>aggressi</span> <span class='ocrx_word' id='word_1_30' title='bbox 1344 1300 1757 1368; x_wconf 80' lang='lat' dir='ltr'>mercenarii</span> <span class='ocrx_word' id='word_1_31' title='bbox 1782 1301 2070 1368; x_wconf 83' lang='lat' dir='ltr'>Nabidis</span> <span class='ocrx_word' id='word_1_32' title='bbox 2100 1301 2253 1369; x_wconf 91' lang='lat' dir='ltr'>loco</span> <span class='ocrx_word' id='word_1_33' title='bbox 2289 1303 2593 1392; x_wconf 91' lang='lat' dir='ltr'>primum</span> <span class='ocrx_word' id='word_1_34' title='bbox 2621 1323 2805 1368; x_wconf 92' lang='lat' dir='ltr'>com-</span> 
     </span>
     <span class='ocr_line' id='line_1_6' title="bbox 663 1407 2800 1499; baseline -0.002 -21"><span class='ocrx_word' id='word_1_35' title='bbox 663 1417 1060 1497; x_wconf 85' lang='lat' dir='ltr'>moverunt,</span> <span class='ocrx_word' id='word_1_36' title='bbox 1106 1415 1172 1478; x_wconf 87' lang='lat' dir='ltr'>et</span> <span class='ocrx_word' id='word_1_37' title='bbox 1222 1409 1492 1487; x_wconf 86' lang='lat' dir='ltr'>deinde,</span> <span class='ocrx_word' id='word_1_38' title='bbox 1548 1408 1880 1476; x_wconf 89' lang='lat' dir='ltr'>Romanis</span> <span class='ocrx_word' id='word_1_39' title='bbox 1936 1407 2022 1475; x_wconf 92' lang='lat' dir='ltr'>ad</span> <span class='ocrx_word' id='word_1_40' title='bbox 2068 1431 2377 1499; x_wconf 92' lang='lat' dir='ltr'>pugnam</span> <span class='ocrx_word' id='word_1_41' title='bbox 2417 1409 2800 1490; x_wconf 88' lang='lat' dir='ltr'>instructis,</span> 
     </span>
     <span class='ocr_line' id='line_1_7' title="bbox 663 1515 2806 1609; baseline -0.002 -23"><span class='ocrx_word' id='word_1_42' title='bbox 663 1517 914 1609; x_wconf 90' lang='lat' dir='ltr'>pedem</span> <span class='ocrx_word' id='word_1_43' title='bbox 965 1517 1382 1585; x_wconf 89' lang='lat' dir='ltr'>retulerunt.</span> <span class='ocrx_word' id='word_1_44' title='bbox 1444 1516 1644 1584; x_wconf 89' lang='lat' dir='ltr'>Haud</span> <span class='ocrx_word' id='word_1_45' title='bbox 1723 1515 1947 1593; x_wconf 92' lang='lat' dir='ltr'>aliter,</span> <span class='ocrx_word' id='word_1_46' title='bbox 2010 1521 2287 1606; x_wconf 90' lang='lat' dir='ltr'>postera</span> <span class='ocrx_word' id='word_1_47' title='bbox 2362 1515 2497 1599; x_wconf 89' lang='lat' dir='ltr'>die,</span> <span class='ocrx_word' id='word_1_48' title='bbox 2591 1537 2806 1604; x_wconf 91' lang='lat' dir='ltr'>quum</span> 
     </span>
     <span class='ocr_line' id='line_1_8' title="bbox 665 1621 2809 1713; baseline -0.001 -22"><span class='ocrx_word' id='word_1_49' title='bbox 665 1624 1028 1706; x_wconf 82' lang='lat' dir='ltr'>Quinctius</span> <span class='ocrx_word' id='word_1_50' title='bbox 1060 1623 1183 1692; x_wconf 93' lang='lat' dir='ltr'>sub</span> <span class='ocrx_word' id='word_1_51' title='bbox 1220 1622 1541 1693; x_wconf 89' lang='lat' dir='ltr'>Menelaii</span> <span class='ocrx_word' id='word_1_52' title='bbox 1573 1622 1831 1689; x_wconf 87' lang='lat' dir='ltr'>montis</span> <span class='ocrx_word' id='word_1_53' title='bbox 1852 1621 2119 1689; x_wconf 81' lang='lat' dir='ltr'>radices</span> <span class='ocrx_word' id='word_1_54' title='bbox 2151 1623 2387 1713; x_wconf 91' lang='lat' dir='ltr'>copias</span> <span class='ocrx_word' id='word_1_55' title='bbox 2407 1644 2567 1690; x_wconf 89' lang='lat' dir='ltr'>suas</span> <span class='ocrx_word' id='word_1_56' title='bbox 2600 1622 2809 1689; x_wconf 91' lang='lat' dir='ltr'>duce-</span> 
     </span>
     <span class='ocr_line' id='line_1_9' title="bbox 664 1728 2808 1819; baseline -0.002 -20"><span class='ocrx_word' id='word_1_57' title='bbox 664 1736 794 1809; x_wconf 88' lang='lat' dir='ltr'>ret,</span> <span class='ocrx_word' id='word_1_58' title='bbox 831 1730 1117 1799; x_wconf 81' lang='lat' dir='ltr'>Nabidis</span> <span class='ocrx_word' id='word_1_59' title='bbox 1147 1728 1561 1799; x_wconf 86' lang='lat' dir='ltr'>mercenarii</span> <span class='ocrx_word' id='word_1_60' title='bbox 1592 1729 1936 1819; x_wconf 85' lang='lat' dir='ltr'>impetum</span> <span class='ocrx_word' id='word_1_61' title='bbox 1966 1729 2281 1796; x_wconf 85' lang='lat' dir='ltr'>fecerunt</span> <span class='ocrx_word' id='word_1_62' title='bbox 2307 1729 2379 1794; x_wconf 90' lang='lat' dir='ltr'>in</span> <span class='ocrx_word' id='word_1_63' title='bbox 2417 1734 2808 1796; x_wconf 86' lang='lat' dir='ltr'>extremum</span> 
     </span>
     <span class='ocr_line' id='line_1_10' title="bbox 666 1835 2813 1929; baseline -0.002 -23"><span class='ocrx_word' id='word_1_64' title='bbox 666 1859 944 1929; x_wconf 83' lang='lat' dir='ltr'>agmen,</span> <span class='ocrx_word' id='word_1_65' title='bbox 981 1837 1089 1905; x_wconf 90' lang='lat' dir='ltr'>cui</span> <span class='ocrx_word' id='word_1_66' title='bbox 1123 1838 1256 1928; x_wconf 88' lang='lat' dir='ltr'>Ap.</span> <span class='ocrx_word' id='word_1_67' title='bbox 1296 1835 1624 1905; x_wconf 89' lang='lat' dir='ltr'>Claudius</span> <span class='ocrx_word' id='word_1_68' title='bbox 1655 1841 1977 1926; x_wconf 84' lang='lat' dir='ltr'>praeerat;</span> <span class='ocrx_word' id='word_1_69' title='bbox 2015 1840 2086 1902; x_wconf 91' lang='lat' dir='ltr'>at</span> <span class='ocrx_word' id='word_1_70' title='bbox 2116 1836 2629 1926; x_wconf 89' lang='lat' dir='ltr'>quidem,nunc</span> <span class='ocrx_word' id='word_1_71' title='bbox 2650 1858 2813 1925; x_wconf 63' lang='lat' dir='ltr'>pru-v</span> 
     </span>
     <span class='ocr_line' id='line_1_11' title="bbox 668 1942 2812 2034; baseline -0.002 -22"><span class='ocrx_word' id='word_1_72' title='bbox 668 1944 907 2012; x_wconf 89' lang='lat' dir='ltr'>dentes</span> <span class='ocrx_word' id='word_1_73' title='bbox 957 1950 1024 2012; x_wconf 93' lang='lat' dir='ltr'>et</span> <span class='ocrx_word' id='word_1_74' title='bbox 1054 1944 1304 2034; x_wconf 90' lang='lat' dir='ltr'>parati,</span> <span class='ocrx_word' id='word_1_75' title='bbox 1350 1942 1646 2011; x_wconf 91' lang='lat' dir='ltr'>Romani</span> <span class='ocrx_word' id='word_1_76' title='bbox 1695 1943 1894 2033; x_wconf 89' lang='lat' dir='ltr'>signa</span> <span class='ocrx_word' id='word_1_77' title='bbox 1944 1943 2181 2010; x_wconf 90' lang='lat' dir='ltr'>statim</span> <span class='ocrx_word' id='word_1_78' title='bbox 2214 1947 2705 2010; x_wconf 88' lang='lat' dir='ltr'>converterunt</span> <span class='ocrx_word' id='word_1_79' title='bbox 2747 1947 2812 2008; x_wconf 85' lang='lat' dir='ltr'>et</span> 
     </span>
     <span class='ocr_line' id='line_1_12' title="bbox 670 2048 2811 2141; baseline -0.001 -25"><span class='ocrx_word' id='word_1_80' title='bbox 670 2051 743 2118; x_wconf 92' lang='lat' dir='ltr'>in</span> <span class='ocrx_word' id='word_1_81' title='bbox 780 2052 1003 2120; x_wconf 91' lang='lat' dir='ltr'>aciem</span> <span class='ocrx_word' id='word_1_82' title='bbox 1034 2055 1560 2141; x_wconf 81' lang='lat' dir='ltr'>processerunt3</span> <span class='ocrx_word' id='word_1_83' title='bbox 1588 2049 1661 2116; x_wconf 91' lang='lat' dir='ltr'>in</span> <span class='ocrx_word' id='word_1_84' title='bbox 1683 2051 1877 2139; x_wconf 87' lang='lat' dir='ltr'>justo</span> <span class='ocrx_word' id='word_1_85' title='bbox 1900 2050 2143 2140; x_wconf 85' lang='lat' dir='ltr'>praelio</span> <span class='ocrx_word' id='word_1_86' title='bbox 2171 2050 2365 2129; x_wconf 91' lang='lat' dir='ltr'>victi,</span> <span class='ocrx_word' id='word_1_87' title='bbox 2401 2048 2811 2117; x_wconf 85' lang='lat' dir='ltr'>mercenarii</span> 
     </span>
    </p>
   </div>
   <div class='ocr_carea' id='block_1_3' title="bbox 540 2154 2806 2248">
    <p class='ocr_par' dir='ltr' id='par_1_3' title="bbox 540 2154 2806 2248">
     <span class='ocr_line' id='line_1_13' title="bbox 540 2154 2806 2248; baseline -0.002 -23"><span class='ocrx_word' id='word_1_88' title='bbox 540 2212 544 2217; x_wconf 88' lang='lat'><strong>.</strong></span> <span class='ocrx_word' id='word_1_89' title='bbox 668 2158 922 2248; x_wconf 91' lang='lat' dir='ltr'>partim</span> <span class='ocrx_word' id='word_1_90' title='bbox 950 2159 1171 2247; x_wconf 85' lang='lat' dir='ltr'>fugati</span> <span class='ocrx_word' id='word_1_91' title='bbox 1214 2166 1401 2239; x_wconf 84' lang='lat' dir='ltr'>sunt,</span> <span class='ocrx_word' id='word_1_92' title='bbox 1432 2157 1686 2247; x_wconf 89' lang='lat' dir='ltr'>partim</span> <span class='ocrx_word' id='word_1_93' title='bbox 1737 2157 1920 2229; x_wconf 84' lang='lat' dir='ltr'>caesi.</span> <span class='ocrx_word' id='word_1_94' title='bbox 1958 2157 2211 2224; x_wconf 79' lang='lat' dir='ltr'>Postea</span> <span class='ocrx_word' id='word_1_95' title='bbox 2265 2157 2336 2222; x_wconf 90' lang='lat' dir='ltr'>in</span> <span class='ocrx_word' id='word_1_96' title='bbox 2385 2156 2555 2224; x_wconf 86' lang='lat' dir='ltr'>urbe</span> <span class='ocrx_word' id='word_1_97' title='bbox 2596 2154 2806 2222; x_wconf 91' lang='lat' dir='ltr'>Nabis</span> 
     </span>
    </p>
   </div>
   <div class='ocr_carea' id='block_1_4' title="bbox 652 2262 2827 4495">
    <p class='ocr_par' dir='ltr' id='par_1_4' title="bbox 664 2262 2818 3634">
     <span class='ocr_line' id='line_1_14' title="bbox 670 2262 2815 2356; baseline -0.002 -24"><span class='ocrx_word' id='word_1_98' title='bbox 670 2264 906 2356; x_wconf 90' lang='lat' dir='ltr'>copias</span> <span class='ocrx_word' id='word_1_99' title='bbox 939 2265 1261 2344; x_wconf 86' lang='lat' dir='ltr'>servavit,</span> <span class='ocrx_word' id='word_1_100' title='bbox 1305 2271 1371 2332; x_wconf 92' lang='lat' dir='ltr'>et</span> <span class='ocrx_word' id='word_1_101' title='bbox 1409 2266 1487 2332; x_wconf 91' lang='lat' dir='ltr'>T.</span> <span class='ocrx_word' id='word_1_102' title='bbox 1534 2264 1943 2345; x_wconf 90' lang='lat' dir='ltr'>Quinctium</span> <span class='ocrx_word' id='word_1_103' title='bbox 1992 2262 2571 2354; x_wconf 88' lang='lat' dir='ltr'>populabundum</span> <span class='ocrx_word' id='word_1_104' title='bbox 2612 2284 2815 2352; x_wconf 89' lang='lat' dir='ltr'>agros</span> 
     </span>
     <span class='ocr_line' id='line_1_15' title="bbox 664 2369 2817 2462; baseline -0.002 -24"><span class='ocrx_word' id='word_1_105' title='bbox 664 2394 886 2462; x_wconf 91' lang='lat' dir='ltr'>usque</span> <span class='ocrx_word' id='word_1_106' title='bbox 918 2371 1003 2438; x_wconf 93' lang='lat' dir='ltr'>ad</span> <span class='ocrx_word' id='word_1_107' title='bbox 1035 2393 1231 2439; x_wconf 92' lang='lat' dir='ltr'>mare</span> <span class='ocrx_word' id='word_1_108' title='bbox 1264 2370 1625 2461; x_wconf 90' lang='lat' dir='ltr'>pervenire</span> <span class='ocrx_word' id='word_1_109' title='bbox 1661 2391 1906 2459; x_wconf 91' lang='lat' dir='ltr'>passus</span> <span class='ocrx_word' id='word_1_110' title='bbox 1940 2375 2063 2438; x_wconf 90' lang='lat' dir='ltr'>est.</span> <span class='ocrx_word' id='word_1_111' title='bbox 2099 2369 2391 2437; x_wconf 89' lang='lat' dir='ltr'>Interim</span> <span class='ocrx_word' id='word_1_112' title='bbox 2418 2369 2495 2437; x_wconf 92' lang='lat' dir='ltr'>L.</span> <span class='ocrx_word' id='word_1_113' title='bbox 2538 2370 2817 2451; x_wconf 90' lang='lat' dir='ltr'>Quinc-</span> 
     </span>
     <span class='ocr_line' id='line_1_16' title="bbox 667 2476 2818 2568; baseline -0.002 -23"><span class='ocrx_word' id='word_1_114' title='bbox 667 2479 811 2546; x_wconf 85' lang='lat' dir='ltr'>tius</span> <span class='ocrx_word' id='word_1_115' title='bbox 841 2477 1214 2545; x_wconf 85' lang='lat' dir='ltr'>maritimae</span> <span class='ocrx_word' id='word_1_116' title='bbox 1249 2498 1386 2544; x_wconf 82' lang='lat' dir='ltr'>orae</span> <span class='ocrx_word' id='word_1_117' title='bbox 1415 2476 1670 2568; x_wconf 91' lang='lat' dir='ltr'>oppida</span> <span class='ocrx_word' id='word_1_118' title='bbox 1703 2476 1810 2544; x_wconf 87' lang='lat' dir='ltr'>sui</span> <span class='ocrx_word' id='word_1_119' title='bbox 1839 2476 2021 2566; x_wconf 87' lang='lat' dir='ltr'>juris</span> <span class='ocrx_word' id='word_1_120' title='bbox 2062 2476 2389 2552; x_wconf 83' lang='lat' dir='ltr'>faciebat3</span> <span class='ocrx_word' id='word_1_121' title='bbox 2427 2476 2524 2543; x_wconf 88' lang='lat' dir='ltr'>ibi</span> <span class='ocrx_word' id='word_1_122' title='bbox 2564 2476 2818 2566; x_wconf 71' lang='lat' dir='ltr'>praeci-</span> 
     </span>
     <span class='ocr_line' id='line_1_17' title="bbox 668 2572 2815 2676; baseline -0.002 -25"><span class='ocrx_word' id='word_1_123' title='bbox 668 2607 803 2676; x_wconf 91' lang='lat' dir='ltr'>pue</span> <span class='ocrx_word' id='word_1_124' title='bbox 841 2580 1341 2675; x_wconf 80' lang='lat' dir='ltr'>praepollebant</span> <span class='ocrx_word' id='word_1_125' title='bbox 1368 2584 1679 2651; x_wconf 85' lang='lat' dir='ltr'>faventes</span> <span class='ocrx_word' id='word_1_126' title='bbox 1709 2584 2189 2651; x_wconf 89' lang='lat' dir='ltr'>Romanorum</span> <span class='ocrx_word' id='word_1_127' title='bbox 2222 2572 2555 2672; x_wconf 83' lang='lat' dir='ltr'>partibus,</span> <span class='ocrx_word' id='word_1_128' title='bbox 2597 2581 2815 2651; x_wconf 88' lang='lat' dir='ltr'>Urbes</span> 
     </span>
     <span class='ocr_line' id='line_1_18' title="bbox 668 2689 2816 2782; baseline -0.002 -23"><span class='ocrx_word' id='word_1_129' title='bbox 668 2692 910 2760; x_wconf 81' lang='lat' dir='ltr'>multae</span> <span class='ocrx_word' id='word_1_130' title='bbox 939 2692 1013 2759; x_wconf 89' lang='lat' dir='ltr'>in</span> <span class='ocrx_word' id='word_1_131' title='bbox 1042 2690 1253 2759; x_wconf 92' lang='lat' dir='ltr'>fidem</span> <span class='ocrx_word' id='word_1_132' title='bbox 1278 2713 1356 2758; x_wconf 90' lang='lat' dir='ltr'>ac</span> <span class='ocrx_word' id='word_1_133' title='bbox 1388 2690 1721 2758; x_wconf 87' lang='lat' dir='ltr'>ditionem</span> <span class='ocrx_word' id='word_1_134' title='bbox 1753 2689 1991 2782; x_wconf 92' lang='lat' dir='ltr'>populi</span> <span class='ocrx_word' id='word_1_135' title='bbox 2022 2691 2320 2758; x_wconf 91' lang='lat' dir='ltr'>Romani</span> <span class='ocrx_word' id='word_1_136' title='bbox 2354 2690 2714 2758; x_wconf 87' lang='lat' dir='ltr'>voluntate</span> <span class='ocrx_word' id='word_1_137' title='bbox 2746 2710 2816 2755; x_wconf 91' lang='lat' dir='ltr'>se</span> 
     </span>
     <span class='ocr_line' id='line_1_19' title="bbox 672 2796 2818 2888; baseline -0.003 -20"><span class='ocrx_word' id='word_1_138' title='bbox 672 2799 1036 2868; x_wconf 91' lang='lat' dir='ltr'>dederunt.</span> <span class='ocrx_word' id='word_1_139' title='bbox 1112 2796 1465 2888; x_wconf 80' lang='lat' dir='ltr'>Oppidum</span> <span class='ocrx_word' id='word_1_140' title='bbox 1533 2803 1770 2864; x_wconf 86' lang='lat' dir='ltr'>tamen</span> <span class='ocrx_word' id='word_1_141' title='bbox 1837 2797 2396 2865; x_wconf 88' lang='lat' dir='ltr'>munitissimum</span> <span class='ocrx_word' id='word_1_142' title='bbox 2474 2797 2818 2887; x_wconf 88' lang='lat' dir='ltr'>Gythium</span> 
     </span>
     <span class='ocr_line' id='line_1_20' title="bbox 671 2904 2817 2995; baseline -0.002 -22"><span class='ocrx_word' id='word_1_143' title='bbox 671 2906 751 2973; x_wconf 91' lang='lat' dir='ltr'>L.</span> <span class='ocrx_word' id='word_1_144' title='bbox 790 2905 1182 2988; x_wconf 79' lang='lat' dir='ltr'>Quinctius,</span> <span class='ocrx_word' id='word_1_145' title='bbox 1209 2906 1524 2972; x_wconf 92' lang='lat' dir='ltr'>Eumene</span> <span class='ocrx_word' id='word_1_146' title='bbox 1556 2927 1720 2995; x_wconf 89' lang='lat' dir='ltr'>rege</span> <span class='ocrx_word' id='word_1_147' title='bbox 1751 2910 1819 2972; x_wconf 91' lang='lat' dir='ltr'>et</span> <span class='ocrx_word' id='word_1_148' title='bbox 1849 2904 2142 2973; x_wconf 88' lang='lat' dir='ltr'>Rhodiis</span> <span class='ocrx_word' id='word_1_149' title='bbox 2165 2904 2599 2993; x_wconf 81' lang='lat' dir='ltr'>juvantibuS‚</span> <span class='ocrx_word' id='word_1_150' title='bbox 2633 2910 2817 2970; x_wconf 92' lang='lat' dir='ltr'>terra</span> 
     </span>
     <span class='ocr_line' id='line_1_21' title="bbox 676 3009 2818 3103; baseline -0.002 -23"><span class='ocrx_word' id='word_1_151' title='bbox 676 3019 743 3082; x_wconf 92' lang='lat' dir='ltr'>et</span> <span class='ocrx_word' id='word_1_152' title='bbox 768 3014 943 3081; x_wconf 89' lang='lat' dir='ltr'>mari</span> <span class='ocrx_word' id='word_1_153' title='bbox 965 3034 1370 3103; x_wconf 80' lang='lat' dir='ltr'>oppugnare</span> <span class='ocrx_word' id='word_1_154' title='bbox 1392 3011 1652 3079; x_wconf 90' lang='lat' dir='ltr'>debuit.</span> <span class='ocrx_word' id='word_1_155' title='bbox 1675 3013 2031 3101; x_wconf 84' lang='lat' dir='ltr'>Gorgopas</span> <span class='ocrx_word' id='word_1_156' title='bbox 2058 3012 2270 3088; x_wconf 87' lang='lat' dir='ltr'>enirn,</span> <span class='ocrx_word' id='word_1_157' title='bbox 2292 3011 2410 3101; x_wconf 90' lang='lat' dir='ltr'>qui</span> <span class='ocrx_word' id='word_1_158' title='bbox 2431 3009 2616 3101; x_wconf 92' lang='lat' dir='ltr'>apud</span> <span class='ocrx_word' id='word_1_159' title='bbox 2636 3010 2818 3076; x_wconf 92' lang='lat' dir='ltr'>cives</span> 
     </span>
     <span class='ocr_line' id='line_1_22' title="bbox 671 3115 2811 3209; baseline -0.003 -20"><span class='ocrx_word' id='word_1_160' title='bbox 671 3120 865 3189; x_wconf 91' lang='lat' dir='ltr'>urbis</span> <span class='ocrx_word' id='word_1_161' title='bbox 897 3120 1281 3209; x_wconf 89' lang='lat' dir='ltr'>plurimum</span> <span class='ocrx_word' id='word_1_162' title='bbox 1317 3118 1745 3185; x_wconf 85' lang='lat' dir='ltr'>auctoritatis</span> <span class='ocrx_word' id='word_1_163' title='bbox 1776 3117 2099 3195; x_wconf 87' lang='lat' dir='ltr'>habebat,</span> <span class='ocrx_word' id='word_1_164' title='bbox 2132 3118 2454 3184; x_wconf 89' lang='lat' dir='ltr'>resistere</span> <span class='ocrx_word' id='word_1_165' title='bbox 2484 3115 2811 3197; x_wconf 84' lang='lat' dir='ltr'>decrevit,</span> 
     </span>
     <span class='ocr_line' id='line_1_23' title="bbox 678 3224 2818 3315; baseline -0.002 -19"><span class='ocrx_word' id='word_1_166' title='bbox 678 3236 743 3296; x_wconf 94' lang='lat' dir='ltr'>et</span> <span class='ocrx_word' id='word_1_167' title='bbox 787 3226 1299 3313; x_wconf 87' lang='lat' dir='ltr'>Dexagoridan,</span> <span class='ocrx_word' id='word_1_168' title='bbox 1336 3227 1815 3293; x_wconf 87' lang='lat' dir='ltr'>Romanorum</span> <span class='ocrx_word' id='word_1_169' title='bbox 1851 3226 2196 3292; x_wconf 85' lang='lat' dir='ltr'>fautorem</span> <span class='ocrx_word' id='word_1_170' title='bbox 2242 3224 2676 3315; x_wconf 86' lang='lat' dir='ltr'>praeci-puum</span> <span class='ocrx_word' id='word_1_171' title='bbox 2721 3225 2818 3293; x_wconf 91' lang='lat' dir='ltr'>eis</span> 
     </span>
     <span class='ocr_line' id='line_1_24' title="bbox 676 3331 2818 3413; baseline -0.002 -10"><span class='ocrx_word' id='word_1_172' title='bbox 676 3333 917 3404; x_wconf 90' lang='lat' dir='ltr'>urbem</span> <span class='ocrx_word' id='word_1_173' title='bbox 970 3332 1238 3399; x_wconf 87' lang='lat' dir='ltr'>tradere</span> <span class='ocrx_word' id='word_1_174' title='bbox 1289 3333 1737 3409; x_wconf 88' lang='lat' dir='ltr'>molientem,</span> <span class='ocrx_word' id='word_1_175' title='bbox 1823 3331 2198 3399; x_wconf 85' lang='lat' dir='ltr'>interfecit.</span> <span class='ocrx_word' id='word_1_176' title='bbox 2275 3332 2506 3413; x_wconf 92' lang='lat' dir='ltr'>Quum</span> <span class='ocrx_word' id='word_1_177' title='bbox 2583 3340 2818 3399; x_wconf 90' lang='lat' dir='ltr'>tamen</span> 
     </span>
     <span class='ocr_line' id='line_1_25' title="bbox 679 3438 2816 3529; baseline -0.001 -21"><span class='ocrx_word' id='word_1_178' title='bbox 679 3442 756 3510; x_wconf 89' lang='lat' dir='ltr'>T.</span> <span class='ocrx_word' id='word_1_179' title='bbox 790 3439 1158 3521; x_wconf 87' lang='lat' dir='ltr'>Quinctius</span> <span class='ocrx_word' id='word_1_180' title='bbox 1189 3438 1334 3527; x_wconf 88' lang='lat' dir='ltr'>ipse</span> <span class='ocrx_word' id='word_1_181' title='bbox 1359 3438 1964 3528; x_wconf 85' lang='lat' dir='ltr'>appropinquavit,</span> <span class='ocrx_word' id='word_1_182' title='bbox 2004 3439 2358 3529; x_wconf 90' lang='lat' dir='ltr'>Gorgopas</span> <span class='ocrx_word' id='word_1_183' title='bbox 2387 3448 2613 3528; x_wconf 88' lang='lat' dir='ltr'>partes</span> <span class='ocrx_word' id='word_1_184' title='bbox 2645 3462 2816 3528; x_wconf 90' lang='lat' dir='ltr'>quas</span> 
     </span>
     <span class='ocr_line' id='line_1_26' title="bbox 677 3543 2813 3634; baseline -0.002 -17"><span class='ocrx_word' id='word_1_185' title='bbox 677 3549 1134 3617; x_wconf 89' lang='lat' dir='ltr'>abhorruerat</span> <span class='ocrx_word' id='word_1_186' title='bbox 1162 3546 1358 3634; x_wconf 86' lang='lat' dir='ltr'>sequi</span> <span class='ocrx_word' id='word_1_187' title='bbox 1393 3554 1459 3611; x_wconf 87' lang='lat' dir='ltr'>et</span> <span class='ocrx_word' id='word_1_188' title='bbox 1496 3544 1568 3610; x_wconf 91' lang='lat' dir='ltr'>in</span> <span class='ocrx_word' id='word_1_189' title='bbox 1609 3543 2037 3613; x_wconf 84' lang='lat' dir='ltr'>deditionem</span> <span class='ocrx_word' id='word_1_190' title='bbox 2076 3546 2310 3612; x_wconf 87' lang='lat' dir='ltr'>venire</span> <span class='ocrx_word' id='word_1_191' title='bbox 2360 3552 2641 3613; x_wconf 87' lang='lat' dir='ltr'>coactus</span> <span class='ocrx_word' id='word_1_192' title='bbox 2691 3551 2813 3614; x_wconf 89' lang='lat' dir='ltr'>est.</span> 
     </span>
    </p>

    <p class='ocr_par' dir='ltr' id='par_1_5' title="bbox 652 3651 2827 4495">
     <span class='ocr_line' id='line_1_27' title="bbox 776 3651 2814 3744; baseline -0.001 -23"><span class='ocrx_word' id='word_1_193' title='bbox 776 3655 945 3736; x_wconf 84' lang='lat' dir='ltr'>Quae</span> <span class='ocrx_word' id='word_1_194' title='bbox 1003 3675 1110 3719; x_wconf 88' lang='lat' dir='ltr'>res</span> <span class='ocrx_word' id='word_1_195' title='bbox 1169 3652 1292 3719; x_wconf 91' lang='lat' dir='ltr'>ubi</span> <span class='ocrx_word' id='word_1_196' title='bbox 1339 3651 1655 3719; x_wconf 91' lang='lat' dir='ltr'>nuntiata</span> <span class='ocrx_word' id='word_1_197' title='bbox 1696 3657 1823 3732; x_wconf 91' lang='lat' dir='ltr'>est,</span> <span class='ocrx_word' id='word_1_198' title='bbox 1874 3651 2086 3720; x_wconf 90' lang='lat' dir='ltr'>Nabis</span> <span class='ocrx_word' id='word_1_199' title='bbox 2144 3652 2527 3744; x_wconf 90' lang='lat' dir='ltr'>desperavit</span> <span class='ocrx_word' id='word_1_200' title='bbox 2584 3652 2814 3734; x_wconf 88' lang='lat' dir='ltr'>saluti,</span> 
     </span>
     <span class='ocr_line' id='line_1_28' title="bbox 685 3758 2813 3851; baseline 0 -24"><span class='ocrx_word' id='word_1_201' title='bbox 685 3782 1087 3851; x_wconf 88' lang='lat' dir='ltr'>quanquam</span> <span class='ocrx_word' id='word_1_202' title='bbox 1120 3758 1556 3848; x_wconf 85' lang='lat' dir='ltr'>Pythagoras</span> <span class='ocrx_word' id='word_1_203' title='bbox 1605 3760 1815 3826; x_wconf 90' lang='lat' dir='ltr'>modo</span> <span class='ocrx_word' id='word_1_204' title='bbox 1866 3782 2029 3826; x_wconf 93' lang='lat' dir='ltr'>cum</span> <span class='ocrx_word' id='word_1_205' title='bbox 2082 3761 2364 3828; x_wconf 83' lang='lat' dir='ltr'>auxiliis</span> <span class='ocrx_word' id='word_1_206' title='bbox 2407 3766 2813 3828; x_wconf 88' lang='lat' dir='ltr'>accesserat.</span> 
     </span>
     <span class='ocr_line' id='line_1_29' title="bbox 682 3865 2820 3957; baseline 0 -24"><span class='ocrx_word' id='word_1_207' title='bbox 682 3867 786 3934; x_wconf 90' lang='lat' dir='ltr'>Ab</span> <span class='ocrx_word' id='word_1_208' title='bbox 817 3868 1233 3956; x_wconf 86' lang='lat' dir='ltr'>imperatore</span> <span class='ocrx_word' id='word_1_209' title='bbox 1296 3865 1726 3955; x_wconf 88' lang='lat' dir='ltr'>colloquium</span> <span class='ocrx_word' id='word_1_210' title='bbox 1784 3868 2232 3956; x_wconf 88' lang='lat' dir='ltr'>impetratum</span> <span class='ocrx_word' id='word_1_211' title='bbox 2298 3874 2420 3933; x_wconf 89' lang='lat' dir='ltr'>est.</span> <span class='ocrx_word' id='word_1_212' title='bbox 2454 3868 2820 3957; x_wconf 89' lang='lat' dir='ltr'>Tyrannus</span> 
     </span>
     <span class='ocr_line' id='line_1_30' title="bbox 684 3971 2823 4065; baseline 0 -25"><span class='ocrx_word' id='word_1_213' title='bbox 684 3975 763 4041; x_wconf 91' lang='lat' dir='ltr'>T.</span> <span class='ocrx_word' id='word_1_214' title='bbox 800 3974 1209 4055; x_wconf 84' lang='lat' dir='ltr'>Quinctium</span> <span class='ocrx_word' id='word_1_215' title='bbox 1237 3971 1547 4041; x_wconf 87' lang='lat' dir='ltr'>delenire</span> <span class='ocrx_word' id='word_1_216' title='bbox 1577 3974 1831 4040; x_wconf 87' lang='lat' dir='ltr'>frustra</span> <span class='ocrx_word' id='word_1_217' title='bbox 1872 3974 2251 4051; x_wconf 90' lang='lat' dir='ltr'>contendit,</span> <span class='ocrx_word' id='word_1_218' title='bbox 2290 3998 2510 4063; x_wconf 90' lang='lat' dir='ltr'>quum</span> <span class='ocrx_word' id='word_1_219' title='bbox 2533 3980 2823 4065; x_wconf 81' lang='lat' dir='ltr'>praeten-</span> 
     </span>
     <span class='ocr_line' id='line_1_31' title="bbox 652 4079 2823 4168; baseline 0 -19"><span class='ocrx_word' id='word_1_220' title='bbox 652 4080 882 4150; x_wconf 86' lang='lat' dir='ltr'>-deret</span> <span class='ocrx_word' id='word_1_221' title='bbox 922 4102 1018 4156; x_wconf 91' lang='lat' dir='ltr'>se,</span> <span class='ocrx_word' id='word_1_222' title='bbox 1057 4086 1211 4168; x_wconf 88' lang='lat' dir='ltr'>post</span> <span class='ocrx_word' id='word_1_223' title='bbox 1244 4079 1475 4146; x_wconf 85' lang='lat' dir='ltr'>foedus</span> <span class='ocrx_word' id='word_1_224' title='bbox 1519 4102 1676 4145; x_wconf 88' lang='lat' dir='ltr'>cum</span> <span class='ocrx_word' id='word_1_225' title='bbox 1724 4080 2052 4147; x_wconf 89' lang='lat' dir='ltr'>Romanis</span> <span class='ocrx_word' id='word_1_226' title='bbox 2082 4080 2369 4164; x_wconf 90' lang='lat' dir='ltr'>factum,</span> <span class='ocrx_word' id='word_1_227' title='bbox 2413 4081 2516 4149; x_wconf 91' lang='lat' dir='ltr'>eis</span> <span class='ocrx_word' id='word_1_228' title='bbox 2547 4082 2823 4149; x_wconf 92' lang='lat' dir='ltr'>nullum</span> 
     </span>
     <span class='ocr_line' id='line_1_32' title="bbox 687 4187 2822 4279; baseline 0.001 -24"><span class='ocrx_word' id='word_1_229' title='bbox 687 4188 1181 4271; x_wconf 86' lang='lat' dir='ltr'>detrimentum</span> <span class='ocrx_word' id='word_1_230' title='bbox 1227 4187 1567 4253; x_wconf 87' lang='lat' dir='ltr'>attulisse.</span> <span class='ocrx_word' id='word_1_231' title='bbox 1604 4187 1784 4254; x_wconf 91' lang='lat' dir='ltr'>Eum</span> <span class='ocrx_word' id='word_1_232' title='bbox 1817 4209 1978 4254; x_wconf 90' lang='lat' dir='ltr'>vero</span> <span class='ocrx_word' id='word_1_233' title='bbox 2004 4188 2080 4256; x_wconf 92' lang='lat' dir='ltr'>T.</span> <span class='ocrx_word' id='word_1_234' title='bbox 2122 4188 2488 4269; x_wconf 90' lang='lat' dir='ltr'>Quinctius</span> <span class='ocrx_word' id='word_1_235' title='bbox 2540 4191 2822 4279; x_wconf 89' lang='lat' dir='ltr'>gravius</span> 
     </span>
     <span class='ocr_line' id='line_1_33' title="bbox 684 4293 2818 4383; baseline 0 -22"><span class='ocrx_word' id='word_1_236' title='bbox 684 4293 964 4373; x_wconf 86' lang='lat' dir='ltr'>refellit,</span> <span class='ocrx_word' id='word_1_237' title='bbox 1001 4300 1065 4360; x_wconf 92' lang='lat' dir='ltr'>et</span> <span class='ocrx_word' id='word_1_238' title='bbox 1119 4293 1562 4383; x_wconf 84' lang='lat' dir='ltr'>reprehendit</span> <span class='ocrx_word' id='word_1_239' title='bbox 1602 4294 1788 4383; x_wconf 87' lang='lat' dir='ltr'>quod</span> <span class='ocrx_word' id='word_1_240' title='bbox 1834 4295 2046 4361; x_wconf 89' lang='lat' dir='ltr'>nimis</span> <span class='ocrx_word' id='word_1_241' title='bbox 2089 4297 2337 4364; x_wconf 85' lang='lat' dir='ltr'>avidus</span> <span class='ocrx_word' id='word_1_242' title='bbox 2384 4303 2448 4363; x_wconf 92' lang='lat' dir='ltr'>et</span> <span class='ocrx_word' id='word_1_243' title='bbox 2490 4296 2818 4373; x_wconf 89' lang='lat' dir='ltr'>crudelis,</span> 
     </span>
     <span class='ocr_line' id='line_1_34' title="bbox 691 4401 2827 4495; baseline 0 -25"><span class='ocrx_word' id='word_1_244' title='bbox 691 4402 1018 4491; x_wconf 89' lang='lat' dir='ltr'>ambiguo</span> <span class='ocrx_word' id='word_1_245' title='bbox 1072 4401 1306 4467; x_wconf 89' lang='lat' dir='ltr'>animo</span> <span class='ocrx_word' id='word_1_246' title='bbox 1349 4406 1414 4468; x_wconf 85' lang='lat' dir='ltr'>et</span> <span class='ocrx_word' id='word_1_247' title='bbox 1457 4402 1745 4491; x_wconf 90' lang='lat' dir='ltr'>ancipiti</span> <span class='ocrx_word' id='word_1_248' title='bbox 1792 4401 1924 4469; x_wconf 90' lang='lat' dir='ltr'>fide</span> <span class='ocrx_word' id='word_1_249' title='bbox 1959 4424 2229 4492; x_wconf 91' lang='lat' dir='ltr'>semper</span> <span class='ocrx_word' id='word_1_250' title='bbox 2256 4410 2458 4487; x_wconf 89' lang='lat' dir='ltr'>esset,</span> <span class='ocrx_word' id='word_1_251' title='bbox 2492 4408 2720 4495; x_wconf 88' lang='lat' dir='ltr'>atque,</span> <span class='ocrx_word' id='word_1_252' title='bbox 2751 4407 2827 4490; x_wconf 26' lang='lat' dir='ltr'>,in</span> 
     </span>
    </p>
   </div>
  </div>
 </body>
</html>
